month,product_category_name,revenue,orders,avg_price,avg_freight
2016-09,beleza_saude,10932.569999999958,1,44.989999999999824,2.8300000000000067
2016-10,fashion_bolsas_e_acessorios,30237.300000000014,7,46.66250000000002,16.20999999999999
2016-10,relogios_presentes,219596.6699999999,4,677.7674999999997,20.66
2016-10,consoles_games,293168.16000000015,7,517.0514285714288,23.71428571428572
2016-10,unknown,5337.089999999992,2,32.94499999999995,15.01499999999999
2016-10,alimentos,6471.899999999992,1,79.8999999999999,16.329999999999995
2016-10,telefonia,18491.489999999998,7,28.536249999999995,13.244999999999997
2016-10,esporte_lazer,162984.14999999994,17,118.36176470588231,28.153529411764723
2016-10,beleza_saude,278579.2499999997,36,85.9812499999999,18.67599999999999
2016-10,fraldas_higiene,10926.899999999983,1,134.8999999999998,16.089999999999993
2016-10,brinquedos,332626.5,22,171.10416666666666,20.209583333333324
2016-10,climatizacao,109292.49000000034,4,168.66125000000054,19.289999999999957
2016-10,fashion_calcados,2429.189999999998,1,29.989999999999974,10.960000000000012
2016-10,bebes,111064.76999999997,9,124.65181818181816,13.307272727272727
2016-10,cool_stuff,84734.09999999995,7,149.44285714285704,27.25428571428574
2016-10,utilidades_domesticas,104252.67000000013,9,107.25583333333347,21.289166666666645
2016-10,pet_shop,55864.079999999936,4,172.41999999999982,21.544999999999995
2016-10,moveis_decoracao,460932.1199999999,49,87.54646153846151,18.5973846153846
2016-10,informatica_acessorios,54190.619999999966,12,55.75166666666663,16.068333333333317
2016-10,cama_mesa_banho,38798.18999999993,5,59.873749999999895,15.948750000000004
2016-10,automotivo,91389.06000000001,8,141.03250000000003,27.876249999999995
2016-10,moveis_escritorio,105371.27999999991,6,216.81333333333316,47.77833333333329
2016-10,market_place,74138.49000000033,5,83.20818181818218,20.605454545454446
2016-10,audio,12716.19,2,78.495,13.020000000000007
2016-10,fashion_roupa_masculina,2016.900000000003,1,24.900000000000038,10.960000000000012
2016-10,ferramentas_jardim,110150.27999999996,5,271.9759999999999,21.061999999999983
2016-10,eletronicos,8747.189999999988,1,107.98999999999985,11.799999999999983
2016-10,perfumaria,391157.1000000003,26,166.52068965517256,16.76206896551725
2016-10,industria_comercio_e_negocios,29127.59999999994,3,89.89999999999982,18.490000000000006
2016-10,fashion_roupa_feminina,4446.900000000002,1,54.90000000000003,14.730000000000013
2016-10,telefonia_fixa,57095.27999999999,5,140.97599999999997,13.913999999999998
2016-12,fashion_bolsas_e_acessorios,882.8999999999988,1,10.899999999999986,8.720000000000017
2017-01,esporte_lazer,746183.3399999997,57,124.48837837837833,20.848783783783794
2017-01,beleza_saude,1001681.6400000002,79,150.81024390243905,17.516585365853654
2017-01,ferramentas_jardim,604822.95,36,138.27685185185183,18.173888888888893
2017-01,automotivo,390422.4300000003,27,155.48483870967752,18.26935483870967
2017-01,bebes,503648.2800000001,31,155.44700000000003,18.101500000000005
2017-01,moveis_sala,100593.89999999989,8,124.18999999999987,27.731999999999957
2017-01,eletrodomesticos_2,155259.17999999993,6,273.8257142857142,16.417142857142856
2017-01,moveis_quarto,5929.199999999991,8,9.149999999999986,9.445000000000013
2017-01,moveis_escritorio,93826.34999999985,6,144.79374999999976,22.928749999999987
2017-01,eletroportateis,134523.99,6,276.7983333333333,21.243333333333336
2017-01,livros_interesse_geral,19026.089999999975,2,117.44499999999984,18.330000000000005
2017-01,agro_industria_e_comercio,5343.569999999986,2,21.98999999999994,13.930000000000003
2017-01,seguros_e_servicos,14846.49000000003,1,183.2900000000004,25.76999999999999
2017-01,fashion_roupa_feminina,6261.300000000005,2,38.65000000000003,12.754999999999997
2017-01,utilidades_domesticas,229033.98,21,100.985,15.792142857142855
2017-01,eletronicos,49977.000000000015,11,56.09090909090911,14.129999999999994
2017-01,casa_conforto_2,5896.799999999998,2,36.39999999999999,11.384999999999994
2017-01,market_place,33545.33999999998,5,82.82799999999996,18.044000000000008
2017-01,dvds_blu_ray,2413.8000000000075,1,14.900000000000047,9.0
2017-01,moveis_cozinha_area_de_servico_jantar_e_jardim,8910.0,1,110.0,18.200000000000024
2017-01,telefonia_fixa,54846.719999999994,19,30.778181818181814,13.292727272727276
2017-01,fashion_bolsas_e_acessorios,135429.56999999986,30,47.77057142857138,13.275428571428568
2017-01,moveis_decoracao,1055967.0300000005,132,73.65327683615823,15.973446327683602
2017-01,unknown,129894.84000000013,10,133.6366666666668,16.2575
2017-01,consoles_games,365669.6399999999,19,214.97333333333327,18.918571428571422
2017-01,malas_acessorios,39892.49999999997,4,98.49999999999993,14.575999999999993
2017-01,pet_shop,64728.71999999996,12,57.07999999999996,14.090714285714295
2017-01,fashion_underwear_e_moda_praia,11117.25,2,68.625,16.950000000000003
2017-01,instrumentos_musicais,27518.940000000042,1,339.7400000000005,18.0
2017-01,pcs,178199.18999999992,1,2199.989999999999,18.0
2017-01,brinquedos,370023.3899999998,41,111.41926829268286,17.63585365853658
2017-01,telefonia,61231.14000000003,17,34.360909090909104,16.924090909090907
2017-01,cool_stuff,555406.47,30,185.3208108108108,20.16621621621622
2017-01,musica,1603.7999999999977,2,9.899999999999986,8.720000000000017
2017-01,perfumaria,414120.60000000027,29,150.3705882352942,15.92382352941176
2017-01,informatica_acessorios,317855.3400000001,24,126.58516129032262,14.627741935483872
2017-01,cama_mesa_banho,308153.1599999997,43,82.70347826086947,18.11391304347827
2017-01,alimentos,3468.4200000000005,2,21.410000000000004,18.0
2017-01,papelaria,126521.1900000003,7,111.57071428571454,13.758571428571457
2017-01,relogios_presentes,655008.1199999999,11,735.1381818181817,20.391818181818177
2017-01,fashion_roupa_masculina,10278.899999999985,1,126.89999999999982,32.21000000000002
2017-01,climatizacao,53759.700000000026,3,165.92500000000007,18.664999999999978
2017-01,fashion_calcados,2826.900000000004,1,34.90000000000005,14.109999999999998
2017-02,eletronicos,98726.84999999998,14,64.14999999999999,17.718421052631598
2017-02,automotivo,1001061.1799999994,75,148.9009638554216,23.407831325301196
2017-02,telefonia,542160.5400000002,95,63.14471698113209,15.814150943396218
2017-02,relogios_presentes,890383.5899999999,32,333.10272727272724,16.11545454545455
2017-02,ferramentas_jardim,950504.2200000001,60,170.06695652173914,21.105942028985496
2017-02,market_place,127511.82000000011,17,78.71100000000007,18.411500000000018
2017-02,papelaria,189653.3999999999,19,123.23157894736836,16.03315789473684
2017-02,audio,13267.800000000007,5,32.76000000000002,16.810000000000006
2017-02,tablets_impressao_imagem,64152.0,8,99.0,18.56500000000001
2017-02,alimentos,54815.12999999993,8,84.59124999999989,24.814999999999998
2017-02,moveis_cozinha_area_de_servico_jantar_e_jardim,11331.900000000003,2,69.95000000000002,19.21499999999998
2017-02,casa_construcao,56343.60000000005,3,173.90000000000015,17.242500000000028
2017-02,construcao_ferramentas_seguranca,30699.0,1,379.0,17.859999999999978
2017-02,livros_tecnicos,12879.0,1,159.0,23.400000000000034
2017-02,eletrodomesticos_2,1295.1900000000005,1,15.990000000000006,14.119999999999992
2017-02,unknown,690452.9099999999,51,151.9148316831683,18.267564356435624
2017-02,cama_mesa_banho,1261342.5299999996,140,99.18554140127385,18.411337579617825
2017-02,fashion_underwear_e_moda_praia,32154.569999999985,6,49.621249999999975,13.857499999999991
2017-02,moveis_decoracao,1614039.2099999986,213,77.53466926070033,19.7812840466926
2017-02,eletroportateis,587377.98,25,258.985,27.523928571428574
2017-02,consoles_games,347876.37000000005,18,238.59833333333336,19.066111111111116
2017-02,moveis_escritorio,878524.3799999988,52,174.93516129032236,32.443709677419356
2017-02,fashion_calcados,8671.049999999992,2,35.6833333333333,16.773333333333376
2017-02,fashion_bolsas_e_acessorios,175795.10999999987,32,60.286388888888844,15.037222222222216
2017-02,pcs,287469.0,1,3549.0,53.46999999999993
2017-02,moveis_quarto,36450.0,1,450.0,51.880000000000074
2017-02,construcao_ferramentas_construcao,27279.98999999996,3,112.26333333333318,18.92666666666669
2017-02,industria_comercio_e_negocios,9639.0,1,119.0,15.940000000000031
2017-02,informatica_acessorios,916846.2900000002,92,113.19090000000001,16.956199999999995
2017-02,beleza_saude,1786853.519999999,143,143.2462337662337,20.24935064935065
2017-02,cool_stuff,1009091.6999999995,69,180.25932475884235,21.629742765273313
2017-02,malas_acessorios,134394.38999999996,19,82.95949999999998,21.37300000000001
2017-02,climatizacao,194829.29999999987,11,218.66363636363621,25.730909090909076
2017-02,moveis_sala,276180.8399999998,12,162.3638095238094,45.86190476190467
2017-02,instrumentos_musicais,179923.68000000002,8,246.80888888888893,27.10777777777776
2017-02,dvds_blu_ray,1206.9,1,14.9,20.799999999999972
2017-02,fashion_roupa_feminina,29475.899999999987,3,121.29999999999994,16.90000000000001
2017-02,brinquedos,759058.7399999998,62,141.74766386554617,17.900521008403363
2017-02,esporte_lazer,1266028.3799999994,134,104.89919463087243,19.395369127516783
2017-02,utilidades_domesticas,915273.5399999999,62,163.5000964630225,19.059421221864955
2017-02,pet_shop,290374.46999999986,36,91.91974358974355,18.723076923076924
2017-02,perfumaria,652169.8800000005,48,163.94416289592772,16.018257918552024
2017-02,telefonia_fixa,61497.62999999992,18,34.5104545454545,16.620909090909105
2017-02,eletrodomesticos,60012.9,7,105.84285714285714,16.35714285714285
2017-02,bebes,229843.97999999995,31,88.67437499999998,18.905624999999997
2017-02,casa_conforto,33587.46,3,138.22,18.86999999999999
2017-02,agro_industria_e_comercio,18212.039999999994,7,32.11999999999999,15.179999999999996
2017-02,livros_interesse_geral,62589.51,8,96.58875,22.163750000000007
2017-02,fashion_roupa_masculina,44221.94999999995,6,90.99166666666657,16.506666666666646
2017-02,construcao_ferramentas_jardim,46978.379999999976,1,289.98999999999984,22.34999999999994
2017-02,cine_foto,4779.0,1,59.0,36.23999999999994
2017-03,moveis_escritorio,874301.8499999988,58,145.86283783783765,31.876081081081086
2017-03,moveis_cozinha_area_de_servico_jantar_e_jardim,9232.379999999994,3,37.99333333333331,18.3566666666667
2017-03,casa_conforto,171995.39999999997,12,163.3384615384615,19.799230769230764
2017-03,telefonia_fixa,108009.44999999995,14,66.67249999999997,15.54000000000002
2017-03,fashion_roupa_masculina,47044.79999999996,7,64.53333333333327,15.617777777777766
2017-03,fashion_underwear_e_moda_praia,31925.339999999997,6,65.69,11.080000000000007
2017-03,construcao_ferramentas_construcao,3150.9000000000046,1,38.900000000000055,14.519999999999987
2017-03,fashion_esporte,3231.9000000000046,1,39.900000000000055,14.109999999999998
2017-03,livros_interesse_geral,205250.76000000024,19,105.58166666666679,17.389166666666643
2017-03,ferramentas_jardim,1904209.5599999994,117,161.018904109589,21.90568493150684
2017-03,audio,91916.36999999997,13,81.05499999999996,16.616428571428568
2017-03,perfumaria,1587360.2399999995,103,186.83618644067792,16.90594279661017
2017-03,instrumentos_musicais,135053.73000000007,9,166.7330000000001,22.017999999999983
2017-03,telefonia,638046.7199999995,153,47.740121212121174,15.085030303030297
2017-03,bebes,290974.6799999999,41,85.53047619047615,17.073333333333334
2017-03,fashion_calcados,122715.00000000009,13,108.2142857142858,16.512857142857133
2017-03,relogios_presentes,2016282.7799999996,74,315.0934177215189,15.94886075949366
2017-03,eletronicos,322866.0000000002,32,107.72972972972978,18.085405405405407
2017-03,alimentos,195425.46,19,114.88857142857142,19.87380952380954
2017-03,eletrodomesticos,25377.300000000032,9,31.33000000000004,15.295000000000007
2017-03,climatizacao,332408.6100000001,16,241.40058823529418,16.867647058823543
2017-03,fashion_roupa_feminina,1611.900000000002,1,19.900000000000023,10.960000000000012
2017-03,sinalizacao_e_seguranca,6075.0,1,75.0,16.23000000000001
2017-03,eletroportateis,904855.8600000003,31,360.3567741935485,27.66096774193549
2017-03,fashion_bolsas_e_acessorios,387695.1599999999,60,72.52060606060604,15.19893939393939
2017-03,moveis_decoracao,1792811.069999997,253,70.264984126984,17.958444444444446
2017-03,esporte_lazer,2063304.0899999992,164,134.0678421052631,20.370421052631578
2017-03,utilidades_domesticas,1045112.7599999997,170,65.86706749858195,18.06760068065796
2017-03,malas_acessorios,479844.81,35,155.895,38.27315789473684
2017-03,papelaria,478112.2199999998,56,105.40392857142852,19.504821428571425
2017-03,cool_stuff,1666980.629999999,116,174.57122525918933,18.75761545711593
2017-03,pet_shop,667444.8599999999,40,187.27409090909086,17.46000000000001
2017-03,automotivo,1076367.2399999998,68,170.12284495021333,26.03547652916074
2017-03,informatica_acessorios,2274382.8,147,164.20350877192982,18.759824561403523
2017-03,alimentos_bebidas,6949.800000000005,4,21.450000000000014,11.782499999999999
2017-03,bebidas,37573.469999999965,4,92.77399999999992,20.91199999999997
2017-03,dvds_blu_ray,36749.70000000001,3,113.42500000000004,17.87500000000002
2017-03,musica,2267.1899999999987,1,27.989999999999984,14.519999999999987
2017-03,industria_comercio_e_negocios,19278.0,2,119.0,22.01499999999999
2017-03,artes,14142.600000000013,4,43.65000000000004,20.099999999999984
2017-03,agro_industria_e_comercio,6641.1899999999905,2,40.99499999999994,14.349999999999987
2017-03,cama_mesa_banho,2034954.7199999979,240,90.01038216560501,16.972480095541396
2017-03,unknown,524488.6799999999,55,107.91948148148147,16.70072222222223
2017-03,beleza_saude,2078477.5499999982,191,123.30056059797106,18.32253603844099
2017-03,consoles_games,796557.2400000001,45,209.2348936170213,19.820212765957454
2017-03,brinquedos,998075.0699999998,99,120.93482006543073,18.70141766630316
2017-03,livros_tecnicos,6075.0,2,37.5,14.369999999999994
2017-03,market_place,146495.78999999992,17,106.38764705882348,15.72764705882352
2017-03,moveis_sala,269244.0000000003,17,138.50000000000014,29.652916666666677
2017-03,tablets_impressao_imagem,40095.0,5,99.0,18.582000000000008
2017-03,casa_construcao,47948.759999999995,5,59.19599999999999,12.67300000000002
2017-03,casa_conforto_2,27773.279999999984,3,114.29333333333327,16.003333333333337
2017-03,eletrodomesticos_2,40572.9,2,250.45000000000002,33.76500000000004
2017-04,relogios_presentes,1890223.2899999996,88,245.64305263157888,17.07778947368421
2017-04,consoles_games,305603.2799999998,15,221.93411764705868,17.642352941176473
2017-04,construcao_ferramentas_jardim,120707.0100000001,7,186.27625000000015,23.794999999999998
2017-04,eletronicos,390601.4399999997,47,100.46333333333325,16.442708333333332
2017-04,livros_importados,1619.1900000000005,1,19.990000000000006,13.440000000000026
2017-04,fashion_calcados,123646.49999999993,20,66.36956521739127,18.255217391304342
2017-04,telefonia_fixa,40972.229999999996,6,84.30499999999999,16.00666666666665
2017-04,artes,9711.899999999985,1,119.89999999999982,27.26999999999999
2017-04,moveis_cozinha_area_de_servico_jantar_e_jardim,83705.40000000001,8,114.82222222222224,27.63333333333333
2017-04,artigos_de_natal,5589.0,1,69.0,24.97000000000002
2017-04,casa_conforto_2,1044.899999999999,1,12.899999999999988,10.960000000000012
2017-04,sinalizacao_e_seguranca,10372.859999999997,3,42.68666666666665,18.52999999999998
2017-04,beleza_saude,1794034.439999999,168,123.12363187152556,18.323959234095103
2017-04,instrumentos_musicais,309292.8300000002,16,238.65187500000016,18.490000000000002
2017-04,perfumaria,1574357.3100000003,97,192.44069306930697,16.717326732673264
2017-04,cool_stuff,1693093.5899999985,112,183.35429824561388,21.545526315789477
2017-04,livros_interesse_geral,74793.78000000001,12,76.94833333333335,18.28416666666666
2017-04,automotivo,1225835.0099999995,77,180.40250331125822,25.78708609271523
2017-04,telefonia,577849.1400000001,138,50.239014084507055,15.744014084507041
2017-04,climatizacao,201870.62999999983,13,166.14866666666651,17.072666666666677
2017-04,market_place,327667.68000000005,19,212.90947368421055,22.828421052631573
2017-04,fashion_roupa_feminina,5256.899999999998,1,64.89999999999998,22.839999999999968
2017-04,alimentos_bebidas,3879.8999999999996,2,15.966666666666665,10.96000000000002
2017-04,construcao_ferramentas_ferramentas,59049.0,1,729.0,19.26999999999999
2017-04,livros_tecnicos,6075.0,1,75.0,11.919999999999982
2017-04,cama_mesa_banho,1951290.9899999972,231,88.92949548810488,17.004286300246125
2017-04,utilidades_domesticas,1010246.5799999988,134,73.79988165680464,18.21053254437871
2017-04,moveis_decoracao,1556109.63,162,100.5823560209424,21.227120418848163
2017-04,ferramentas_jardim,1429563.3299999998,93,163.4160185185185,22.03203703703703
2017-04,audio,76318.1999999999,9,85.65454545454534,14.704545454545457
2017-04,casa_conforto,195299.09999999992,16,141.8294117647058,17.755882352941185
2017-04,malas_acessorios,574314.2999999997,46,147.71458333333325,30.802291666666665
2017-04,papelaria,368666.6400000001,35,130.0411428571429,16.24428571428571
2017-04,fashion_bolsas_e_acessorios,250767.89999999994,44,64.49791666666665,15.330833333333326
2017-04,alimentos,39795.3,8,61.4125,14.981249999999989
2017-04,fashion_underwear_e_moda_praia,7524.09,3,30.963333333333335,13.360000000000001
2017-04,pc_gamer,21058.379999999972,2,129.98999999999984,14.875
2017-04,dvds_blu_ray,116226.9,2,717.4499999999999,15.719999999999997
2017-04,pet_shop,501362.1899999999,47,121.10197826086954,18.50032608695652
2017-04,unknown,682602.4800000001,61,122.33019354838711,21.147725806451604
2017-04,esporte_lazer,1862761.8599999982,184,113.28600985221664,19.609014778325122
2017-04,eletroportateis,1872313.38,20,1155.749,40.16550000000002
2017-04,brinquedos,1056193.8299999996,103,115.39318584070793,17.204867256637172
2017-04,bebes,318374.5499999998,47,78.61099999999995,17.202399999999997
2017-04,informatica_acessorios,1486630.2599999995,116,139.0413636363636,18.268257575757566
2017-04,moveis_escritorio,762315.2999999992,48,162.2637931034481,30.219482758620686
2017-04,moveis_sala,167940.53999999998,11,172.7783333333333,37.730833333333365
2017-04,moveis_colchao_e_estofado,8861.399999999987,1,109.39999999999984,21.40000000000003
2017-04,eletrodomesticos,40451.40000000001,9,49.94000000000001,13.616999999999996
2017-04,fashion_roupa_masculina,29718.09000000001,5,73.37800000000003,14.100000000000007
2017-04,tablets_impressao_imagem,90143.27999999997,9,101.17090909090906,18.12272727272726
2017-04,la_cuisine,1944.0,1,24.0,10.809999999999977
2017-04,fashion_esporte,15372.18,4,47.445,13.672500000000007
2017-04,casa_construcao,129817.88999999984,5,320.5379999999996,18.850000000000005
2017-04,cine_foto,9558.0,2,59.0,24.154999999999994
2017-04,moveis_quarto,50947.379999999976,3,209.6599999999999,67.46
2017-04,eletrodomesticos_2,64783.8000000001,2,399.9000000000006,73.5849999999999
2017-04,musica,4843.8000000000075,2,29.900000000000045,14.519999999999987
2017-05,esporte_lazer,2762240.1299999957,256,111.80895081967196,19.167934426229504
2017-05,moveis_escritorio,680677.8299999991,42,150.0612499999998,28.862142857142857
2017-05,bebes,723631.3199999994,96,87.58549019607835,17.409999999999997
2017-05,unknown,876824.6400000002,83,118.81092682926833,18.533036585365856
2017-05,beleza_saude,3754146.959999995,262,163.13157606570178,20.8250527962456
2017-05,papelaria,453614.58,60,87.5028125,16.623124999999998
2017-05,moveis_cozinha_area_de_servico_jantar_e_jardim,105662.88,9,144.94222222222223,36.97000000000001
2017-05,moveis_decoracao,1807315.7399999993,226,82.33409594095937,21.27461254612547
2017-05,fashion_bolsas_e_acessorios,582552.0,91,69.15384615384616,14.944134615384613
2017-05,construcao_ferramentas_jardim,117234.54000000008,5,206.76285714285729,26.570000000000025
2017-05,automotivo,1418185.3499999994,100,154.78993123772096,24.119980353634578
2017-05,pet_shop,659846.5199999997,67,111.59251141552505,20.482115677321154
2017-05,agro_industria_e_comercio,127975.14000000003,4,394.98500000000007,45.949999999999996
2017-05,artes_e_artesanato,1781.1900000000005,1,21.990000000000006,7.669999999999997
2017-05,tablets_impressao_imagem,122713.37999999998,7,216.42571428571424,13.148571428571424
2017-05,construcao_ferramentas_construcao,8099.189999999987,1,99.98999999999984,49.40999999999995
2017-05,la_cuisine,15633.0,1,193.0,39.19000000000004
2017-05,eletronicos,498077.9100000003,59,94.60169230769237,17.532461538461536
2017-05,informatica_acessorios,3625510.589999997,253,144.85239482200635,17.94087378640777
2017-05,sinalizacao_e_seguranca,41216.84999999999,3,127.21249999999998,66.77250000000008
2017-05,telefonia,716395.5899999997,196,41.328925233644846,15.066074766355136
2017-05,malas_acessorios,1015709.2200000006,64,179.13742857142867,33.14957142857143
2017-05,market_place,200635.37999999995,21,112.58999999999997,17.37727272727272
2017-05,industria_comercio_e_negocios,42103.80000000003,2,259.9000000000002,16.21
2017-05,pc_gamer,10529.189999999986,1,129.98999999999984,8.160000000000002
2017-05,livros_tecnicos,21222.000000000022,3,87.33333333333343,18.153333333333325
2017-05,climatizacao,74104.46999999997,6,130.69571428571425,21.940000000000015
2017-05,fashion_roupa_masculina,49320.900000000016,3,152.22500000000005,16.82749999999999
2017-05,utilidades_domesticas,1731366.8999999985,259,70.77781456953636,17.32248344370861
2017-05,fashion_calcados,135232.74000000017,22,75.8881818181819,15.697727272727272
2017-05,relogios_presentes,2966177.8799999994,120,283.87193798449607,17.867441860465117
2017-05,cool_stuff,2633079.4199999953,232,134.76019345923513,19.589295255642565
2017-05,moveis_sala,362835.4499999999,27,139.98281249999997,38.631249999999994
2017-05,fashion_roupa_feminina,29767.499999999978,4,91.87499999999993,12.024999999999988
2017-05,fashion_underwear_e_moda_praia,22963.499999999996,6,40.49999999999999,12.251428571428564
2017-05,instrumentos_musicais,780794.6399999995,18,481.9719999999997,23.176999999999992
2017-05,eletroportateis,424556.6400000001,16,291.1911111111112,26.995
2017-05,fashion_esporte,10112.039999999999,3,41.61333333333333,18.21333333333335
2017-05,livros_interesse_geral,149167.1699999999,19,92.07849999999993,17.88
2017-05,dvds_blu_ray,7257.6000000000095,4,22.40000000000003,15.250000000000023
2017-05,artes,561107.25,6,1154.5416666666667,62.5833333333333
2017-05,alimentos_bebidas,27984.690000000006,10,28.79083333333334,12.68333333333332
2017-05,casa_construcao,131260.49999999994,5,231.4999999999999,15.871428571428583
2017-05,fashion_roupa_infanto_juvenil,8910.0,1,110.0,14.519999999999987
2017-05,bebidas,7290.0,1,90.0,22.950000000000028
2017-05,cine_foto,4779.0,1,59.0,32.71000000000002
2017-05,perfumaria,1619311.769999999,133,139.69218167701857,15.772259316770187
2017-05,brinquedos,1796519.249999998,192,113.15943877551007,17.3961224489796
2017-05,cama_mesa_banho,2648508.2999999956,325,90.51944017225455,17.271820978160562
2017-05,telefonia_fixa,36112.229999999974,9,49.53666666666663,14.576666666666654
2017-05,ferramentas_jardim,1650178.1699999985,121,147.6273188405796,24.090072463768127
2017-05,consoles_games,203083.1999999999,26,86.45517241379306,15.173793103448281
2017-05,casa_conforto,414239.6699999998,32,146.11628571428565,16.30114285714286
2017-05,moveis_quarto,191967.57,6,263.33,32.10888888888881
2017-05,eletrodomesticos_2,105790.04999999999,7,186.57857142857142,40.202857142857134
2017-05,audio,168575.5799999999,17,122.4223529411764,14.824117647058822
2017-05,alimentos,31419.899999999983,3,129.29999999999993,21.450000000000014
2017-05,eletrodomesticos,154935.99000000005,28,68.31392857142859,16.365714285714283
2017-05,construcao_ferramentas_ferramentas,65115.899999999994,2,401.95,15.199999999999992
2017-05,moveis_colchao_e_estofado,48267.09000000005,3,198.6300000000002,45.32999999999995
2017-06,fashion_roupa_feminina,12538.800000000001,3,51.6,14.833333333333348
2017-06,ferramentas_jardim,1251214.289999999,98,140.4280909090908,24.070000000000018
2017-06,esporte_lazer,2598139.5299999965,246,119.14245563351201,22.14805200165085
2017-06,cama_mesa_banho,2737005.9299999955,324,91.62752937631802,17.15454353721001
2017-06,pet_shop,414847.1699999998,60,81.43839222614837,18.81959363957597
2017-06,consoles_games,430031.4299999998,26,183.06999999999994,18.97551724137931
2017-06,cool_stuff,3086608.5899999966,196,191.27524261015037,22.297534857780256
2017-06,market_place,101974.94999999992,15,78.68437499999995,14.556874999999996
2017-06,bebes,637043.9399999997,72,100.82999999999996,17.862948717948722
2017-06,casa_conforto,228274.19999999992,17,165.77647058823524,16.57764705882353
2017-06,moveis_sala,138777.2999999998,12,114.21999999999984,35.30733333333331
2017-06,livros_interesse_geral,155696.57999999996,19,96.10899999999998,19.15799999999999
2017-06,fashion_esporte,38110.49999999996,5,94.09999999999991,19.380000000000013
2017-06,construcao_ferramentas_construcao,30485.96999999996,4,47.04624999999994,12.367499999999982
2017-06,artes,16224.30000000001,4,50.07500000000003,21.26250000000002
2017-06,moveis_escritorio,589609.5299999994,45,145.58259999999987,36.33340000000003
2017-06,perfumaria,1939535.0099999988,140,161.91126220886542,16.20314049586776
2017-06,beleza_saude,2567764.709999996,234,124.75172278093552,20.343436816790543
2017-06,utilidades_domesticas,1861550.0099999981,281,71.5705501730103,18.90858823529413
2017-06,eletrodomesticos,203082.39000000004,42,58.30674418604652,14.80023255813953
2017-06,unknown,396555.30000000016,50,84.57140115163152,15.461420345489442
2017-06,industria_comercio_e_negocios,22434.56999999999,2,138.48499999999993,32.59999999999997
2017-06,eletrodomesticos_2,98323.47,6,202.31166666666667,36.86666666666668
2017-06,musica,86418.9,4,266.72499999999997,18.55499999999998
2017-06,telefonia_fixa,75627.26999999993,12,77.80583333333327,17.313333333333333
2017-06,moveis_quarto,25028.189999999988,2,154.49499999999992,21.344999999999978
2017-06,dvds_blu_ray,10261.889999999992,4,31.672499999999975,18.26250000000001
2017-06,bebidas,4049.1899999999914,1,49.989999999999895,19.210000000000022
2017-06,climatizacao,168842.87999999966,9,189.49818181818142,18.549090909090925
2017-06,portateis_casa_forno_e_cafe,5823.899999999994,1,71.89999999999993,16.75
2017-06,fashion_underwear_e_moda_praia,315.8999999999999,1,3.899999999999999,15.1
2017-06,artigos_de_natal,14960.699999999984,2,61.5666666666666,20.5166666666667
2017-06,alimentos,12141.899999999983,1,149.8999999999998,21.890000000000036
2017-06,sinalizacao_e_seguranca,10854.0,1,134.0,52.94999999999992
2017-06,telefonia,531500.1300000005,148,41.79445859872615,15.105350318471341
2017-06,informatica_acessorios,2931689.699999997,212,142.49488188976363,17.69251968503936
2017-06,eletronicos,166863.23999999996,39,50.24487804878048,15.016097560975602
2017-06,moveis_cozinha_area_de_servico_jantar_e_jardim,30358.80000000001,4,93.70000000000003,41.94750000000004
2017-06,brinquedos,1243511.4599999988,151,98.34017081850524,17.3932669039146
2017-06,instrumentos_musicais,404437.0500000002,17,249.65250000000015,26.11350000000001
2017-06,casa_construcao,161376.2999999993,4,249.03749999999891,18.609999999999886
2017-06,papelaria,282979.16999999987,37,91.9360526315789,17.96
2017-06,agro_industria_e_comercio,112590.0,1,1390.0,32.05000000000001
2017-06,alimentos_bebidas,4649.4000000000015,2,28.70000000000001,12.689999999999984
2017-06,casa_conforto_2,1044.899999999999,1,12.899999999999988,15.1
2017-06,livros_tecnicos,11817.899999999998,2,72.94999999999999,21.314999999999984
2017-06,fashion_roupa_infanto_juvenil,8910.0,1,110.0,8.960000000000006
2017-06,fashion_bolsas_e_acessorios,544492.5299999999,75,82.98925925925924,15.645308641975323
2017-06,automotivo,2375608.4099999988,101,266.8923053589483,20.725682507583418
2017-06,moveis_decoracao,1348277.3999999997,178,72.33635924674068,21.587542250120755
2017-06,relogios_presentes,2214348.0299999993,113,229.72798319327725,15.832605042016802
2017-06,eletroportateis,785603.61,23,421.68739130434784,27.976956521739123
2017-06,malas_acessorios,659517.3899999998,59,135.70316666666662,33.786
2017-06,fashion_roupa_masculina,42102.98999999996,7,57.75444444444439,18.892222222222227
2017-06,fashion_calcados,103629.78,16,67.33578947368422,18.724736842105244
2017-06,audio,135351.0,11,151.9090909090909,13.385454545454541
2017-06,tablets_impressao_imagem,48114.0,6,99.0,14.19500000000002
2017-06,cine_foto,6399.0,1,79.0,33.90999999999998
2017-06,pc_gamer,10529.189999999986,1,129.98999999999984,26.190000000000037
2017-06,construcao_ferramentas_jardim,35209.889999999934,3,108.6724999999998,16.427499999999984
2017-06,livros_importados,8019.0,1,49.5,15.099999999999953
2017-07,moveis_decoracao,1943757.8099999991,249,76.45065132743359,18.255939823008845
2017-07,utilidades_domesticas,1640058.9299999988,220,74.74518867924523,16.989593929450365
2017-07,cama_mesa_banho,5085743.759999994,503,110.34615114235488,18.540210896309333
2017-07,brinquedos,1940053.2299999993,198,117.98657361795289,17.72027367268746
2017-07,relogios_presentes,2731335.1199999987,152,208.00663468128846,16.234866346812886
2017-07,ferramentas_jardim,1535055.2999999984,153,102.99619565217381,21.50858695652176
2017-07,alimentos_bebidas,13624.200000000004,7,21.025000000000006,11.684999999999988
2017-07,consoles_games,438310.4400000002,45,115.13276595744685,18.16957446808511
2017-07,sinalizacao_e_seguranca,38548.70999999998,4,95.18199999999995,28.573999999999966
2017-07,moveis_quarto,87317.18999999999,4,269.49749999999995,72.66499999999994
2017-07,papelaria,559454.85,72,89.69935064935065,16.992987012987022
2017-07,la_cuisine,38069.18999999999,4,117.49749999999996,22.310000000000006
2017-07,eletroportateis,290565.62999999995,30,115.71709677419352,23.3151612903226
2017-07,livros_interesse_geral,104684.39999999988,12,99.4153846153845,19.45230769230769
2017-07,moveis_sala,309915.72000000003,26,127.53733333333335,30.42033333333333
2017-07,fashion_roupa_masculina,58319.18999999998,8,79.99888888888886,15.59333333333333
2017-07,fashion_roupa_feminina,25166.69999999998,4,77.67499999999994,13.424999999999999
2017-07,fashion_calcados,103924.61999999998,18,67.52736842105261,17.036315789473676
2017-07,cds_dvds_musicais,18225.0,4,45.0,14.875999999999994
2017-07,casa_construcao,7581.60000000002,1,46.800000000000125,15.099999999999953
2017-07,artigos_de_natal,5272.290000000001,2,32.54500000000001,16.479999999999993
2017-07,moveis_colchao_e_estofado,8861.399999999987,1,109.39999999999984,69.13000000000008
2017-07,moveis_cozinha_area_de_servico_jantar_e_jardim,106636.49999999994,9,119.68181818181812,31.005454545454565
2017-07,unknown,240396.6599999999,52,51.16999999999997,15.07844827586206
2017-07,instrumentos_musicais,589889.79,26,242.75300000000001,24.922666666666668
2017-07,eletronicos,588549.2400000002,84,77.29829787234046,17.807021276595748
2017-07,fashion_underwear_e_moda_praia,22258.800000000003,3,91.60000000000001,13.22666666666665
2017-07,construcao_ferramentas_construcao,44504.63999999993,5,91.57333333333318,45.58833333333331
2017-07,agro_industria_e_comercio,95580.0,1,1180.0,19.47000000000002
2017-07,dvds_blu_ray,59356.8,3,244.26666666666668,21.220000000000038
2017-07,bebidas,22191.56999999996,2,91.32333333333317,24.70333333333334
2017-07,telefonia,733394.9699999996,136,63.26733695652171,14.85941770186336
2017-07,perfumaria,1031474.249999999,115,105.24173553718998,15.013140495867763
2017-07,casa_conforto,369671.8499999999,36,106.13604651162788,19.478604651162808
2017-07,cool_stuff,2968030.169999995,221,160.94735480722275,20.920000000000012
2017-07,fashion_bolsas_e_acessorios,410120.01000000007,80,58.87453488372094,14.560930232558146
2017-07,beleza_saude,2770850.2499999963,270,111.14521660649804,17.385425992779776
2017-07,malas_acessorios,673248.5099999997,72,113.85904109589035,26.456027397260282
2017-07,market_place,127443.78000000009,13,121.02923076923085,17.428461538461548
2017-07,alimentos,47316.95999999995,7,83.45142857142848,24.290000000000013
2017-07,livros_tecnicos,42768.0,2,264.0,26.43999999999997
2017-07,artes_e_artesanato,10521.899999999985,1,129.8999999999998,15.660000000000005
2017-07,construcao_ferramentas_jardim,28153.97999999999,7,43.447499999999984,15.723749999999978
2017-07,tablets_impressao_imagem,16038.0,2,99.0,10.81500000000002
2017-07,industria_comercio_e_negocios,19922.759999999977,2,122.97999999999986,53.14499999999994
2017-07,musica,26649.0,1,329.0,21.539999999999978
2017-07,fashion_esporte,5661.899999999995,1,69.89999999999993,7.779999999999984
2017-07,construcao_ferramentas_iluminacao,29160.0,1,360.0,41.449999999999946
2017-07,automotivo,1124834.8499999994,103,121.81447368421045,20.22719298245614
2017-07,esporte_lazer,2967026.039999995,329,97.67986962962947,19.41175999999999
2017-07,informatica_acessorios,3092273.819999999,268,119.30068749999995,18.03940624999999
2017-07,telefonia_fixa,18014.04,9,24.409268292682928,14.42256097560977
2017-07,bebes,1252374.2099999997,121,123.69127999999998,19.885439999999992
2017-07,moveis_escritorio,1368301.4099999985,97,146.89226086956506,38.03930434782609
2017-07,eletrodomesticos,297431.19000000006,37,99.24297297297299,17.951081081081075
2017-07,pet_shop,532653.57,70,77.36435294117646,19.95517647058825
2017-07,artes,31326.749999999996,3,128.91666666666666,12.716666666666658
2017-07,audio,54568.889999999985,6,112.28166666666664,15.599999999999987
2017-07,climatizacao,113084.09999999993,5,279.21999999999986,19.406000000000002
2017-07,eletrodomesticos_2,83753.18999999999,7,147.71285714285713,38.9842857142857
2017-07,casa_conforto_2,1044.899999999999,1,12.899999999999988,15.1
2017-07,artigos_de_festas,5661.899999999995,1,69.89999999999993,13.509999999999994
2017-08,moveis_decoracao,2723856.3899999955,324,78.87691164972622,19.272971071149332
2017-08,cool_stuff,3098525.399999995,235,149.49222752930933,20.65781589231438
2017-08,perfumaria,1059893.0999999987,117,103.0322834645668,14.932047244094486
2017-08,eletrodomesticos_2,298610.54999999993,15,245.76999999999995,44.582
2017-08,eletroportateis,348057.81,32,119.36138888888888,15.0325
2017-08,instrumentos_musicais,584449.6500000001,25,310.71220095693786,26.60789473684211
2017-08,livros_importados,4941.0,1,61.0,9.340000000000002
2017-08,sinalizacao_e_seguranca,30601.799999999996,4,94.44999999999999,16.41750000000001
2017-08,artigos_de_natal,4770.900000000001,1,58.900000000000006,17.98000000000001
2017-08,construcao_ferramentas_iluminacao,47709.0,2,294.5,40.99000000000001
2017-08,casa_conforto_2,3134.7000000000053,2,12.900000000000022,10.403333333333308
2017-08,fashion_underwear_e_moda_praia,89990.99999999997,13,85.46153846153844,15.220769230769228
2017-08,cama_mesa_banho,4583031.029999997,442,111.81942687747028,17.88049407114625
2017-08,fashion_bolsas_e_acessorios,521550.09000000014,85,67.77778947368422,14.401263157894745
2017-08,papelaria,515719.7100000002,75,79.58637500000003,18.982375
2017-08,alimentos_bebidas,40079.60999999993,12,32.987333333333275,15.609333333333351
2017-08,relogios_presentes,2928407.8499999973,194,171.43237618545822,16.153519494204424
2017-08,bebes,1551968.0999999994,120,150.8669291338582,23.877795275590554
2017-08,utilidades_domesticas,1897655.0399999975,245,83.67085714285703,18.568857142857137
2017-08,esporte_lazer,3293576.4599999944,377,97.50944311217675,18.430423661071128
2017-08,livros_interesse_geral,184274.99999999997,27,84.25925925925925,15.016666666666659
2017-08,pcs,2636100.0,29,1157.707509881423,39.190513833992085
2017-08,moveis_sala,200723.66999999987,21,107.7421739130434,29.564782608695644
2017-08,construcao_ferramentas_construcao,95579.99999999994,6,168.57142857142847,30.61857142857146
2017-08,alimentos,29524.499999999978,8,45.562499999999964,16.966250000000006
2017-08,la_cuisine,25353.0,2,156.5,30.259999999999987
2017-08,livros_tecnicos,96906.78000000003,9,132.93111111111114,14.288888888888891
2017-08,ferramentas_jardim,1857673.5299999986,195,98.3364316341114,19.65313006193426
2017-08,beleza_saude,3971942.7299999944,339,139.2637961502049,17.758939728621012
2017-08,brinquedos,1435502.8799999987,171,97.25629268292674,17.155810975609754
2017-08,unknown,402444.45000000007,64,66.24600000000001,16.45706666666667
2017-08,pet_shop,844488.9900000002,75,117.14370786516857,19.134719101123615
2017-08,consoles_games,652434.7500000002,79,95.88988095238099,17.782738095238116
2017-08,fashion_roupa_masculina,95179.85999999999,12,83.93285714285713,16.083571428571418
2017-08,dvds_blu_ray,9185.400000000009,6,18.900000000000016,19.738333333333358
2017-08,bebidas,9711.899999999987,2,59.94999999999992,14.435000000000002
2017-08,construcao_ferramentas_jardim,104181.38999999991,7,128.6189999999999,19.681000000000008
2017-08,artes,19820.700000000015,4,61.17500000000005,18.090000000000003
2017-08,cds_dvds_musicais,10935.0,2,45.0,14.053333333333335
2017-08,casa_construcao,10108.799999999997,1,124.79999999999997,16.630000000000024
2017-08,moveis_colchao_e_estofado,41260.59000000004,2,254.69500000000025,62.13499999999997
2017-08,eletrodomesticos,317629.3500000002,42,93.36547619047626,19.608333333333338
2017-08,malas_acessorios,529594.1999999994,58,105.26618962432903,26.65686940966011
2017-08,informatica_acessorios,2739944.0699999984,290,99.1978592375366,16.779354838709676
2017-08,tablets_impressao_imagem,36522.09,6,75.14833333333333,17.821666666666665
2017-08,fashion_calcados,120826.88999999988,18,67.80409090909085,16.57636363636362
2017-08,moveis_escritorio,800066.1599999995,46,170.29931034482746,43.304827586206926
2017-08,moveis_cozinha_area_de_servico_jantar_e_jardim,81502.19999999998,7,143.7428571428571,32.155714285714296
2017-08,telefonia,856271.6100000001,128,80.08526094276095,16.94809764309764
2017-08,eletronicos,231186.14999999985,52,50.966964285714255,16.280535714285712
2017-08,automotivo,1532731.4099999997,128,117.53173913043476,21.00024844720493
2017-08,market_place,156928.59,22,84.23434782608696,18.414782608695667
2017-08,casa_conforto,324015.3899999998,24,142.8639285714285,19.140357142857148
2017-08,telefonia_fixa,270529.82999999996,14,167.9266480446927,14.827597765363146
2017-08,fashion_roupa_feminina,15284.7,4,47.175000000000004,11.737500000000002
2017-08,climatizacao,346010.1299999998,12,284.7819999999998,19.450666666666656
2017-08,portateis_casa_forno_e_cafe,1773.9000000000024,1,21.90000000000003,11.850000000000016
2017-08,moveis_quarto,50058.0,3,206.0,28.12000000000001
2017-08,industria_comercio_e_negocios,77508.9,3,318.96666666666664,29.016666666666673
2017-08,audio,85106.70000000001,7,150.10000000000002,13.677142857142854
2017-08,agro_industria_e_comercio,7128.0,1,22.0,34.14999999999979
2017-08,fashion_esporte,21529.79999999998,2,132.8999999999999,61.82000000000002
2017-08,construcao_ferramentas_seguranca,720.899999999999,1,8.899999999999988,15.78999999999998
2017-09,cama_mesa_banho,4224815.819999993,457,98.74294909549836,18.217982751367277
2017-09,esporte_lazer,3962151.809999994,408,108.03413251533726,18.74463803680981
2017-09,beleza_saude,4104460.259999997,358,134.72707237813876,19.885748892171335
2017-09,cool_stuff,3041345.0699999956,196,184.96290640394062,23.70482758620691
2017-09,fashion_bolsas_e_acessorios,954307.3500000004,102,96.48239308462243,16.32395814376706
2017-09,eletroportateis,812489.9400000002,29,334.35800000000006,29.41133333333333
2017-09,casa_conforto,371979.5399999999,26,139.16181818181815,20.63696969696971
2017-09,construcao_ferramentas_construcao,100464.30000000016,7,124.0300000000002,17.991999999999987
2017-09,telefonia_fixa,1109125.71,6,1053.3007692307692,22.867692307692316
2017-09,alimentos,80426.5199999999,13,58.40705882352934,14.487058823529415
2017-09,livros_tecnicos,81109.35000000002,8,125.16875000000003,16.94500000000001
2017-09,instrumentos_musicais,678903.2999999991,22,325.1452586206892,24.75913793103451
2017-09,casa_construcao,109982.60999999987,9,123.43727272727259,36.50454545454548
2017-09,artes,31471.74000000004,3,129.5133333333335,15.769999999999992
2017-09,seguros_e_servicos,8100.0,1,100.0,15.450000000000022
2017-09,fashion_roupa_infanto_juvenil,7289.189999999988,1,89.98999999999985,17.07
2017-09,brinquedos,2393951.219999998,266,102.34497114274711,18.719469026548673
2017-09,pet_shop,691328.52,62,120.21014084507043,18.87661971830986
2017-09,livros_interesse_geral,77131.44,15,65.92430769230769,15.611153846153849
2017-09,automotivo,1144268.3699999987,96,132.02588785046714,22.049626168224297
2017-09,cine_foto,5589.0,1,69.0,33.84000000000002
2017-09,moveis_sala,103345.46999999999,11,115.9881818181818,26.087272727272733
2017-09,eletronicos,351455.75999999995,65,64.76059701492537,18.18492537313433
2017-09,construcao_ferramentas_seguranca,91087.74000000006,4,224.90800000000016,15.550000000000015
2017-09,ferramentas_jardim,1783224.6299999978,176,99.26656813627243,21.326678356713444
2017-09,fashion_roupa_feminina,28811.699999999953,3,88.92499999999986,18.65249999999998
2017-09,sinalizacao_e_seguranca,35510.40000000001,5,48.71111111111112,10.90555555555557
2017-09,audio,84449.78999999996,10,104.25899999999996,14.919999999999996
2017-09,moveis_quarto,57477.600000000086,3,177.40000000000026,53.595000000000084
2017-09,livros_importados,23490.0,3,72.5,9.39000000000001
2017-09,eletrodomesticos_2,131851.79999999996,6,271.2999999999999,50.13666666666668
2017-09,fashion_underwear_e_moda_praia,131211.89999999994,14,101.24374999999995,14.892499999999995
2017-09,industria_comercio_e_negocios,17818.379999999976,2,109.98999999999985,15.865000000000004
2017-09,bebidas,19843.379999999994,5,40.829999999999984,11.574999999999998
2017-09,moveis_colchao_e_estofado,7006.5,1,86.5,47.320000000000064
2017-09,telefonia,1478981.9699999995,160,105.61139460154239,16.80387532133677
2017-09,unknown,467706.1500000005,61,79.09794520547953,17.804383561643853
2017-09,moveis_decoracao,2472359.2199999974,270,89.07476653696489,21.333180933852134
2017-09,pcs,4137840.090000001,39,1280.6685515320337,42.99395543175492
2017-09,fashion_calcados,89075.6999999999,12,84.5923076923076,19.214615384615367
2017-09,alimentos_bebidas,25179.659999999945,6,34.53999999999993,14.880000000000026
2017-09,market_place,92924.01000000001,11,104.29181818181819,18.400909090909106
2017-09,malas_acessorios,314302.6799999999,41,92.6326790450928,23.18806366047746
2017-09,moveis_cozinha_area_de_servico_jantar_e_jardim,33177.59999999997,4,102.3999999999999,29.57000000000001
2017-09,dvds_blu_ray,3223.800000000004,2,19.900000000000023,25.630000000000052
2017-09,portateis_casa_forno_e_cafe,51920.18999999998,1,640.9899999999998,32.48000000000001
2017-09,construcao_ferramentas_jardim,20379.59999999998,4,50.31999999999995,17.473999999999993
2017-09,artigos_de_natal,20630.699999999964,3,63.67499999999989,15.895000000000021
2017-09,casa_conforto_2,1044.899999999999,1,12.899999999999988,16.78999999999998
2017-09,artigos_de_festas,21853.80000000003,1,134.90000000000018,16.69999999999998
2017-09,perfumaria,1138155.2999999993,135,91.83856209150322,14.471111111111103
2017-09,relogios_presentes,3625331.759999997,253,169.3921951219511,16.07230445752732
2017-09,consoles_games,660196.17,58,129.374126984127,16.885873015873027
2017-09,bebes,1881828.4499999993,161,136.66147058823523,21.700529411764716
2017-09,utilidades_domesticas,1615266.3599999992,217,80.08658634538149,18.902771084337342
2017-09,informatica_acessorios,2271292.6499999966,211,113.52489878542494,19.965829959514195
2017-09,papelaria,473973.1200000001,69,78.02026666666669,18.007466666666666
2017-09,moveis_escritorio,738612.2699999994,36,151.97783333333322,38.05533333333341
2017-09,construcao_ferramentas_iluminacao,18549.0,1,229.0,29.98000000000001
2017-09,agro_industria_e_comercio,161513.18999999994,3,498.49749999999983,31.42499999999998
2017-09,climatizacao,131961.14999999997,7,232.73571428571424,21.848571428571425
2017-09,fashion_roupa_masculina,95377.50000000006,10,73.59375000000004,13.168124999999971
2017-09,construcao_ferramentas_ferramentas,74268.08999999998,3,305.62999999999994,19.729999999999972
2017-09,eletrodomesticos,147435.38999999996,10,182.01899999999995,37.709
2017-09,fashion_esporte,31152.599999999926,2,76.91999999999982,23.24400000000007
2017-09,tablets_impressao_imagem,18945.900000000005,3,77.96666666666668,15.326666666666688
2017-10,utilidades_domesticas,1286578.0800000003,188,69.36104803493451,18.324672489082968
2017-10,telefonia,1689593.5799999991,220,85.48844262295077,15.402172131147536
2017-10,moveis_decoracao,2430788.9399999976,266,80.02597333333325,19.87837333333333
2017-10,bebes,1336297.4999999981,134,119.54710144927519,22.66833333333334
2017-10,fashion_bolsas_e_acessorios,614311.6499999998,94,70.22309670781891,14.762788065843623
2017-10,ferramentas_jardim,2089698.7499999981,213,92.13839285714278,23.232464285714293
2017-10,casa_conforto,293203.79999999993,26,134.06666666666663,16.772222222222233
2017-10,unknown,1322022.8700000006,58,240.01867647058833,25.66573529411763
2017-10,fashion_roupa_masculina,78723.89999999994,8,97.18999999999993,14.532999999999983
2017-10,casa_conforto_2,5224.500000000011,3,12.900000000000027,15.099999999999964
2017-10,construcao_ferramentas_iluminacao,40500.0,2,250.0,75.54999999999991
2017-10,artes,28273.049999999977,3,116.34999999999991,17.13333333333335
2017-10,sinalizacao_e_seguranca,60264.0,7,74.4,16.36999999999997
2017-10,eletrodomesticos,148852.07999999996,7,262.52571428571423,36.28999999999996
2017-10,tablets_impressao_imagem,8019.0,1,99.0,12.190000000000024
2017-10,fashion_esporte,4851.9,1,59.9,8.720000000000017
2017-10,informatica_acessorios,3402983.879999997,254,135.91276779295458,19.675528396836818
2017-10,alimentos,65290.859999999855,12,47.41529411764695,12.727058823529427
2017-10,eletronicos,273484.3500000001,55,54.45725806451615,17.60612903225808
2017-10,automotivo,1734970.59,130,144.7256081081081,22.995135135135143
2017-10,fashion_calcados,150734.51999999996,16,103.38444444444441,18.536666666666672
2017-10,artigos_de_natal,31432.050000000014,7,32.33750000000001,11.932500000000006
2017-10,moveis_escritorio,1449157.2299999995,69,175.400294117647,39.56274509803925
2017-10,la_cuisine,11097.0,1,137.0,23.829999999999973
2017-10,eletrodomesticos_2,170445.87,9,233.80777777777777,37.81888888888889
2017-10,livros_tecnicos,71280.0,6,146.66666666666666,18.04166666666665
2017-10,audio,188614.9799999999,31,75.1154838709677,12.015161290322578
2017-10,casa_construcao,340294.7699999998,15,233.3983333333332,30.613333333333358
2017-10,industria_comercio_e_negocios,182791.89000000013,5,451.3380000000003,42.297999999999966
2017-10,construcao_ferramentas_ferramentas,82506.6,5,203.72000000000003,20.27199999999999
2017-10,esporte_lazer,3935728.889999996,419,105.12096394230758,17.808793269230772
2017-10,brinquedos,2700312.119999997,273,117.79924617196689,17.49899882214369
2017-10,papelaria,623470.7700000001,89,80.17885416666668,19.09604166666667
2017-10,consoles_games,840838.32,99,98.86399999999999,15.717047619047632
2017-10,market_place,82582.73999999996,10,92.6854545454545,14.416363636363641
2017-10,alimentos_bebidas,186075.63,15,135.13117647058823,21.044705882352925
2017-10,climatizacao,207556.01999999993,9,213.53499999999994,25.623333333333317
2017-10,moveis_cozinha_area_de_servico_jantar_e_jardim,277716.6,14,214.2875,54.17562499999999
2017-10,fashion_underwear_e_moda_praia,15211.800000000008,3,62.60000000000004,11.716666666666658
2017-10,telefonia_fixa,303902.28,6,535.9828571428571,22.021428571428572
2017-10,pcs,3271907.520000001,26,1496.0711111111116,47.77851851851856
2017-10,construcao_ferramentas_seguranca,135176.84999999977,9,139.0708333333331,20.80833333333332
2017-10,agro_industria_e_comercio,271372.6800000001,5,670.0560000000003,41.629999999999974
2017-10,dvds_blu_ray,14142.599999999993,4,43.64999999999998,23.62500000000003
2017-10,construcao_ferramentas_jardim,60498.9,8,82.9888888888889,15.695555555555558
2017-10,livros_interesse_geral,57874.49999999998,8,67.6894736842105,17.75421052631581
2017-10,moveis_quarto,76455.89999999998,3,314.63333333333327,51.819999999999936
2017-10,cine_foto,5589.0,1,69.0,38.0
2017-10,cama_mesa_banho,3722362.289999996,442,84.82276661197693,16.974610336341254
2017-10,relogios_presentes,5254179.029999999,282,210.75728158844763,15.89971841155234
2017-10,beleza_saude,3294245.789999994,322,116.27297013977108,19.17934561626429
2017-10,cool_stuff,3592206.6299999924,242,174.59933070866106,24.319606299212595
2017-10,perfumaria,1367103.4199999983,175,90.25572192513357,16.8692513368984
2017-10,pet_shop,669349.0799999997,65,108.57243795620434,18.157620437956208
2017-10,malas_acessorios,505467.53999999963,52,111.43464285714278,26.37535714285714
2017-10,eletroportateis,523652.85,30,202.02656249999998,20.618437500000017
2017-10,construcao_ferramentas_construcao,208670.57999999993,15,135.58842105263153,23.613157894736876
2017-10,instrumentos_musicais,512670.06,19,333.11894736842106,22.976842105263152
2017-10,fashion_roupa_infanto_juvenil,3239.1899999999937,1,39.989999999999924,14.100000000000005
2017-10,moveis_sala,124155.98999999989,13,80.67315789473678,25.062631578947354
2017-10,bebidas,48355.37999999999,10,49.74833333333332,12.978333333333328
2017-10,cds_dvds_musicais,3645.0,1,45.0,16.109999999999985
2017-10,artigos_de_festas,11161.799999999992,2,68.89999999999995,13.035000000000005
2017-10,musica,4446.900000000002,1,54.90000000000003,15.130000000000017
2017-11,automotivo,2813655.689999997,242,133.60188461538448,21.658346153846143
2017-11,cama_mesa_banho,7126591.23,806,91.53201595191308,17.69617616460524
2017-11,beleza_saude,6341727.599999999,521,136.58391161077725,18.07205853847644
2017-11,relogios_presentes,7731549.450000004,426,206.05925881506366,16.941230510913876
2017-11,papelaria,1328901.3899999994,149,100.651472392638,20.85067484662578
2017-11,ferramentas_jardim,3586289.5799999963,430,80.94182815356481,22.23429616087752
2017-11,livros_interesse_geral,213108.56999999986,37,71.10729729729725,14.981081081081083
2017-11,audio,297855.6299999998,33,102.1452777777777,14.386388888888892
2017-11,telefonia_fixa,76462.37999999999,5,188.79599999999996,18.499999999999986
2017-11,fashion_underwear_e_moda_praia,98949.59999999999,10,122.15999999999998,17.025999999999996
2017-11,climatizacao,330206.2200000001,16,214.55894736842112,22.996842105263152
2017-11,alimentos,40345.28999999991,10,35.57785714285707,11.711428571428566
2017-11,industria_comercio_e_negocios,161584.46999999994,6,332.47833333333324,41.73499999999998
2017-11,artes,6075.0,1,75.0,17.77999999999998
2017-11,flores,15211.799999999997,6,31.299999999999994,13.581666666666663
2017-11,cds_dvds_musicais,15795.0,3,65.0,9.940000000000019
2017-11,livros_tecnicos,62280.90000000001,5,128.15,15.820000000000013
2017-11,construcao_ferramentas_seguranca,265735.8900000003,12,234.33500000000026,16.215714285714306
2017-11,bebidas,54603.72000000001,14,37.45111111111112,13.266111111111117
2017-11,unknown,1116710.5500000003,111,116.83516949152545,17.381779661016946
2017-11,construcao_ferramentas_jardim,98698.49999999996,14,71.67647058823526,21.18529411764705
2017-11,pcs,791208.0,7,1395.4285714285713,41.77142857142859
2017-11,agro_industria_e_comercio,1128531.6899999958,13,733.2889473684183,35.67526315789465
2017-11,eletrodomesticos_2,393249.3300000003,13,373.45615384615417,44.12076923076924
2017-11,livros_importados,20007.0,2,82.33333333333333,11.403333333333315
2017-11,market_place,109834.37999999989,11,84.74874999999992,20.414374999999968
2017-11,moveis_quarto,70713.0,3,291.0,59.15333333333336
2017-11,construcao_ferramentas_iluminacao,178157.87999999998,9,219.94799999999998,40.75099999999993
2017-11,la_cuisine,11097.0,1,137.0,0.11000000000000007
2017-11,consoles_games,954804.7799999996,125,91.9319064124783,16.402885615251307
2017-11,informatica_acessorios,5643557.819999998,431,136.11069676579115,19.992122856522673
2017-11,telefonia,2115528.0299999975,343,70.3979245283018,15.364285714285705
2017-11,bebes,1706477.4899999995,185,106.88196730552421,19.72721533258173
2017-11,fashion_bolsas_e_acessorios,1040571.6299999997,178,66.60084677419353,13.771411290322579
2017-11,cool_stuff,4511429.459999998,286,187.53084175084166,22.10909090909093
2017-11,perfumaria,2561526.539999997,289,103.94962016070112,15.76219868517166
2017-11,moveis_escritorio,1451455.2000000014,75,177.41782178217838,47.21455445544556
2017-11,alimentos_bebidas,198091.16999999984,28,74.10818181818176,17.75090909090908
2017-11,eletronicos,809567.1000000004,164,54.88218425869436,15.89050640634534
2017-11,moveis_cozinha_area_de_servico_jantar_e_jardim,405598.5899999999,28,151.73909090909086,41.81030303030304
2017-11,construcao_ferramentas_construcao,567486.36,37,148.71235849056603,34.098443396226415
2017-11,fashion_roupa_feminina,4858.379999999996,2,29.989999999999974,12.095
2017-11,eletroportateis,549416.5200000001,27,242.2471428571429,25.18071428571429
2017-11,tablets_impressao_imagem,28382.39999999998,6,58.399999999999956,15.331666666666669
2017-11,casa_construcao,399874.32,33,129.91368421052633,20.784736842105264
2017-11,dvds_blu_ray,6462.989999999998,3,26.596666666666657,21.96000000000003
2017-11,moveis_decoracao,5030466.569999997,537,80.94724547429394,19.029215061549603
2017-11,esporte_lazer,5076914.129999997,544,104.98819467708908,17.524792480923132
2017-11,utilidades_domesticas,2743666.0199999986,345,82.2146116504854,20.405194174757302
2017-11,brinquedos,5072862.869999997,444,129.129766323024,19.17912027491411
2017-11,malas_acessorios,672393.15,63,118.58785714285715,31.018428571428558
2017-11,instrumentos_musicais,1277928.0900000003,41,375.6402380952382,30.56142857142858
2017-11,pet_shop,902971.8899999998,82,115.05758027522933,21.325286697247712
2017-11,casa_conforto_2,3134.699999999997,3,12.899999999999988,14.016666666666671
2017-11,fashion_calcados,138331.79999999993,17,89.88421052631574,17.091052631578933
2017-11,casa_conforto,433786.5899999995,40,119.00866666666653,19.771999999999995
2017-11,moveis_sala,503248.95000000077,29,159.3064102564105,37.05000000000015
2017-11,eletrodomesticos,365791.14,25,180.63760000000002,22.161599999999996
2017-11,artigos_de_natal,106320.59999999996,18,59.66363636363634,19.470909090909085
2017-11,sinalizacao_e_seguranca,48339.99,3,119.35799999999999,39.20000000000008
2017-11,artigos_de_festas,68906.69999999997,3,283.56666666666655,18.62333333333335
2017-11,moveis_colchao_e_estofado,27054.0,2,167.0,39.40499999999998
2017-11,construcao_ferramentas_ferramentas,21829.49999999999,4,53.89999999999997,16.00799999999999
2017-11,fashion_roupa_masculina,71360.19000000009,10,80.0900000000001,14.608181818181826
2017-11,cine_foto,19602.0,1,242.0,17.940000000000033
2017-11,fashion_esporte,4851.9,1,59.9,7.779999999999984
2017-12,moveis_decoracao,2515846.5899999966,304,82.2172088235293,18.931800000000017
2017-12,telefonia,1035215.6399999985,237,49.15553846153839,14.124538461538451
2017-12,artigos_de_festas,41731.19999999998,2,257.5999999999999,17.359999999999985
2017-12,fashion_underwear_e_moda_praia,95021.10000000003,13,90.23846153846158,14.347692307692306
2017-12,audio,217641.33000000007,17,158.054705882353,14.952352941176464
2017-12,moveis_escritorio,541433.9700000002,38,139.2577083333334,36.069375000000015
2017-12,eletrodomesticos,107810.99999999996,16,83.18749999999997,21.365000000000002
2017-12,eletroportateis,610721.37,26,279.25074074074075,19.381481481481476
2017-12,fashion_calcados,89019.0,12,84.53846153846153,15.881538461538463
2017-12,moveis_cozinha_area_de_servico_jantar_e_jardim,346461.3,16,213.86499999999998,49.38600000000001
2017-12,industria_comercio_e_negocios,148108.49999999994,9,203.1666666666666,20.151111111111113
2017-12,construcao_ferramentas_iluminacao,14256.0,2,88.0,15.230000000000004
2017-12,fraldas_higiene,6156.0,1,38.0,11.849999999999966
2017-12,fashion_esporte,4851.9,1,59.9,16.859999999999985
2017-12,consoles_games,718435.71,87,96.64187651331719,14.34612590799032
2017-12,unknown,1255311.2699999993,132,113.12167883211673,13.674233576642337
2017-12,brinquedos,4457529.449999995,413,126.25058628600546,19.26349987254652
2017-12,ferramentas_jardim,2170450.889999998,243,82.95879256965937,22.747492260061925
2017-12,automotivo,3160616.7599999984,238,148.36486692015202,21.884486692015212
2017-12,moveis_colchao_e_estofado,65099.7,8,100.46249999999999,35.58750000000003
2017-12,perfumaria,2141420.129999998,225,113.57306443914071,15.571326968973743
2017-12,bebes,1590762.7799999986,135,141.40113599999987,19.712424000000002
2017-12,telefonia_fixa,80900.36999999995,5,199.75399999999988,19.408000000000012
2017-12,tablets_impressao_imagem,33971.39999999997,6,69.89999999999995,9.269999999999989
2017-12,pcs,1356021.0,19,727.8695652173913,51.098695652173916
2017-12,bebidas,172760.03999999983,31,62.73058823529406,12.987352941176463
2017-12,relogios_presentes,5621240.609999998,333,196.7188314960629,15.127272440944871
2017-12,artigos_de_natal,40005.89999999999,14,30.86874999999999,18.816875
2017-12,cool_stuff,3038761.169999996,231,151.27245967741916,20.924596774193542
2017-12,instrumentos_musicais,876703.5,41,257.70238095238096,20.621190476190474
2017-12,eletronicos,689872.5000000002,189,40.772606382978736,16.475180851063833
2017-12,moveis_sala,187596.80999999994,16,115.80049999999996,31.243500000000022
2017-12,agro_industria_e_comercio,428627.69999999995,9,481.0636363636363,33.849090909090926
2017-12,construcao_ferramentas_ferramentas,28301.4,6,58.233333333333334,18.070000000000007
2017-12,alimentos,76086.53999999994,11,72.25692307692302,13.684615384615373
2017-12,dvds_blu_ray,9711.899999999985,1,119.89999999999982,15.589999999999995
2017-12,artes,9335.250000000005,3,38.416666666666686,16.046666666666678
2017-12,casa_conforto,182881.79999999996,14,161.27142857142854,20.506428571428568
2017-12,moveis_quarto,14985.0,1,185.0,45.75
2017-12,livros_interesse_geral,190528.1999999999,37,57.37073170731704,15.537073170731716
2017-12,beleza_saude,4914287.549999996,426,131.95552199130003,17.867597873368773
2017-12,utilidades_domesticas,2048162.7599999993,243,87.79847222222219,20.41503472222222
2017-12,informatica_acessorios,3031722.2699999954,249,131.79109154929557,19.50218309859156
2017-12,construcao_ferramentas_jardim,75240.89999999998,6,154.81666666666663,28.14166666666668
2017-12,construcao_ferramentas_construcao,471250.3499999999,22,216.36838842975203,27.2404132231405
2017-12,esporte_lazer,4755550.679999998,431,121.35841065686719,19.553334864492413
2017-12,cama_mesa_banho,4054550.7599999923,476,91.71531758957637,17.02766693811075
2017-12,fashion_bolsas_e_acessorios,809980.56,123,74.62507462686568,14.858432835820903
2017-12,malas_acessorios,483506.0099999997,44,129.76543478260862,24.85369565217392
2017-12,market_place,56963.24999999998,13,50.23214285714284,12.92928571428571
2017-12,casa_construcao,528549.2999999999,29,171.71842105263156,32.709210526315786
2017-12,papelaria,2008241.0999999985,229,99.97217741935476,18.68971774193549
2017-12,pet_shop,578597.9399999998,70,99.05802773497686,20.651325115562404
2017-12,livros_tecnicos,54325.89000000003,4,167.6725000000001,16.3175
2017-12,eletrodomesticos_2,161202.95999999996,8,248.76999999999995,35.28625000000001
2017-12,alimentos_bebidas,83728.07999999996,18,49.222857142857116,17.594285714285714
2017-12,livros_importados,18711.0,3,77.0,13.353333333333332
2017-12,construcao_ferramentas_seguranca,112178.51999999997,7,197.84571428571425,20.077142857142857
2017-12,fashion_roupa_masculina,36522.08999999998,4,112.72249999999994,20.312499999999982
2017-12,flores,6698.699999999997,2,41.34999999999998,15.13999999999999
2017-12,climatizacao,54172.8,3,222.93333333333334,17.84666666666667
2017-12,cds_dvds_musicais,5265.0,1,65.0,9.940000000000019
2017-12,sinalizacao_e_seguranca,62370.0,2,385.0,36.22000000000002
2018-01,ferramentas_jardim,2171317.8599999975,203,113.53295999999987,24.084738823529413
2018-01,moveis_decoracao,4359469.409999994,468,90.43791822255402,19.792292755787887
2018-01,informatica_acessorios,6520813.4700000025,574,117.01143895348842,18.28875
2018-01,cool_stuff,3154335.2099999934,285,131.56219594594566,19.998243243243245
2018-01,utilidades_domesticas,3033185.9399999976,317,106.68586894586886,21.95376068376067
2018-01,eletronicos,1286626.6800000002,319,45.6444827586207,16.048160919540223
2018-01,eletrodomesticos,139737.15,26,63.89444444444444,14.153333333333338
2018-01,telefonia_fixa,197972.1000000001,10,244.4100000000001,18.945
2018-01,pcs,554931.0,11,622.8181818181819,72.32454545454547
2018-01,moveis_colchao_e_estofado,69700.5,9,95.61111111111111,45.54444444444442
2018-01,flores,23052.599999999948,7,28.459999999999937,15.365999999999985
2018-01,construcao_ferramentas_jardim,318166.38,21,163.66583333333332,24.073333333333327
2018-01,artigos_de_festas,10999.799999999992,2,67.89999999999995,17.23000000000001
2018-01,fashion_roupa_feminina,13104.98999999999,3,53.929999999999964,11.56333333333332
2018-01,fashion_esporte,9703.8,2,59.9,12.769999999999998
2018-01,esporte_lazer,6979999.23,575,134.22559190031154,20.102414330218068
2018-01,eletrodomesticos_2,699038.1000000001,12,663.8538461538462,36.882307692307705
2018-01,instrumentos_musicais,1229464.9799999997,49,297.61921568627446,24.45392156862746
2018-01,cama_mesa_banho,6108058.529999999,689,90.20111244019138,17.045382775119624
2018-01,unknown,1700484.03,171,108.77528497409327,15.172797927461138
2018-01,construcao_ferramentas_construcao,782798.5800000001,40,201.33708333333334,22.690416666666657
2018-01,fashion_bolsas_e_acessorios,642469.32,116,63.453759999999996,15.338640000000002
2018-01,perfumaria,1585315.8899999992,208,87.72221613545813,14.63016434262949
2018-01,consoles_games,592375.68,50,143.39764705882354,16.3092156862745
2018-01,livros_interesse_geral,174976.19999999992,40,49.09545454545452,14.34363636363636
2018-01,casa_conforto,244632.9599999999,18,167.7866666666666,23.08055555555555
2018-01,bebidas,180436.40999999968,39,44.55219999999992,14.415599999999992
2018-01,artigos_de_natal,68971.49999999994,9,85.14999999999993,25.296000000000003
2018-01,sinalizacao_e_seguranca,84951.98999999999,7,131.09875,30.89750000000003
2018-01,market_place,66316.31999999999,12,58.48,16.288571428571448
2018-01,construcao_ferramentas_iluminacao,193832.19,6,341.85571428571427,23.111428571428526
2018-01,dvds_blu_ray,4033.800000000006,2,24.900000000000038,23.39000000000004
2018-01,construcao_ferramentas_seguranca,180540.08999999994,9,202.62636363636358,17.806363636363642
2018-01,malas_acessorios,1502251.9199999995,121,147.1930158730158,25.9492857142857
2018-01,artes,205802.36999999973,19,133.7247368421051,17.023157894736837
2018-01,fashion_calcados,54002.70000000001,7,74.0777777777778,17.290000000000003
2018-01,bebes,2416832.0999999964,210,136.10587937151524,21.37414090217941
2018-01,eletroportateis,1155206.6099999999,50,269.0907547169811,24.857358490566043
2018-01,casa_construcao,465570.18000000005,27,143.6945,21.980000000000004
2018-01,industria_comercio_e_negocios,217169.0999999998,15,148.94999999999987,30.151666666666664
2018-01,audio,309442.67999999993,25,146.93384615384613,15.888846153846156
2018-01,livros_tecnicos,95300.55000000002,16,69.20882352941177,14.251764705882358
2018-01,alimentos,67194.35999999994,18,43.66105263157891,13.187368421052641
2018-01,moveis_quarto,74098.79999999996,5,182.9599999999999,30.04799999999998
2018-01,musica,2022.5700000000018,1,24.97000000000002,15.1
2018-01,tablets_impressao_imagem,13105.800000000003,3,53.933333333333344,8.32333333333334
2018-01,fashion_roupa_masculina,44598.600000000006,5,91.76666666666668,18.594999999999988
2018-01,portateis_casa_forno_e_cafe,29969.19000000005,1,369.99000000000063,15.140000000000008
2018-01,la_cuisine,9072.0,1,112.0,18.02999999999998
2018-01,relogios_presentes,5955220.440000004,322,207.1020845070424,15.956647887323951
2018-01,papelaria,3201340.319999996,368,102.65641558441546,17.664415584415586
2018-01,brinquedos,1732010.8499999985,154,132.81273291925453,17.5672049689441
2018-01,automotivo,2905741.6199999964,244,134.30123960066538,19.765328618968393
2018-01,telefonia,1191200.579999998,344,39.950383338363956,15.094409900392398
2018-01,beleza_saude,5784122.699999998,564,115.34104450825554,17.097062096195256
2018-01,moveis_sala,186956.09999999983,22,104.91363636363627,25.17499999999999
2018-01,alimentos_bebidas,27634.769999999993,10,31.01545454545454,17.095454545454558
2018-01,livros_importados,47223.0,6,97.16666666666667,10.945000000000004
2018-01,pet_shop,873148.8599999995,76,121.27067499999994,20.038725
2018-01,climatizacao,378653.94000000006,22,161.1979310344828,17.337241379310353
2018-01,moveis_cozinha_area_de_servico_jantar_e_jardim,391918.50000000006,20,230.40476190476193,52.89142857142855
2018-01,moveis_escritorio,1578319.0199999996,104,137.22126760563376,38.27126760563381
2018-01,fashion_underwear_e_moda_praia,61114.50000000001,8,94.31250000000001,15.314999999999998
2018-01,agro_industria_e_comercio,474128.6400000001,15,325.1911111111112,24.614999999999988
2018-01,construcao_ferramentas_ferramentas,43116.299999999974,8,66.53749999999997,20.35375000000001
2018-01,fraldas_higiene,10125.0,1,25.0,12.689999999999957
2018-01,cine_foto,16198.379999999974,2,99.98999999999984,11.899999999999984
2018-02,artigos_de_natal,166831.6500000004,17,85.81875000000021,25.48750000000007
2018-02,bebes,2094735.9599999974,166,150.45148028442128,20.30317388493859
2018-02,moveis_decoracao,3077325.269999993,337,90.02765402843582,19.08910742496051
2018-02,construcao_ferramentas_construcao,728276.67,53,132.22161764705882,16.655441176470585
2018-02,relogios_presentes,4920586.1099999985,305,187.4294789166952,18.12852245457661
2018-02,instrumentos_musicais,730274.1300000004,39,204.90295454545463,23.83295454545453
2018-02,audio,229107.68999999997,15,188.56599999999997,14.006000000000007
2018-02,construcao_ferramentas_jardim,124598.24999999983,14,76.9124999999999,17.09249999999998
2018-02,moveis_cozinha_area_de_servico_jantar_e_jardim,374313.95999999996,16,243.21894736842103,45.41684210526316
2018-02,climatizacao,212778.0899999999,11,218.9074999999999,22.14833333333335
2018-02,sinalizacao_e_seguranca,57978.98999999999,10,47.719333333333324,18.125333333333344
2018-02,fashion_underwear_e_moda_praia,32343.30000000001,7,57.04285714285716,15.14142857142857
2018-02,artes,98553.50999999992,11,101.39249999999991,24.376666666666647
2018-02,construcao_ferramentas_iluminacao,130474.80000000008,9,94.75294117647064,20.980588235294128
2018-02,livros_importados,26325.0,3,108.33333333333333,8.846666666666666
2018-02,brinquedos,1150732.35,131,102.12392172523963,15.691845047923318
2018-02,cama_mesa_banho,4891136.399999998,590,88.10953307392992,16.41444552529182
2018-02,eletronicos,1196045.100000001,301,44.59526845637588,16.031805369127515
2018-02,casa_conforto,244033.55999999994,20,143.46476190476187,18.33857142857143
2018-02,utilidades_domesticas,2825075.069999999,334,89.20069053708437,21.451125319693087
2018-02,perfumaria,1648801.0799999987,194,96.52271865121172,13.720958904109594
2018-02,ferramentas_jardim,2144539.529999997,229,90.39536039453705,23.098505311077368
2018-02,beleza_saude,6850688.669999999,596,130.11754358974358,16.749208547008543
2018-02,malas_acessorios,520307.54999999993,43,142.74555555555554,25.612444444444453
2018-02,telefonia,1106968.6799999992,328,38.61743171114597,13.626197802197806
2018-02,bebidas,155515.9499999998,26,61.93387096774186,14.055806451612908
2018-02,tablets_impressao_imagem,56292.569999999956,12,53.45923076923073,13.193846153846165
2018-02,papelaria,817332.9299999997,131,69.58986206896549,16.21862068965517
2018-02,moveis_sala,356625.18000000017,19,169.33769230769238,59.97307692307701
2018-02,alimentos_bebidas,82482.29999999999,20,44.27391304347825,13.614347826086956
2018-02,casa_construcao,423297.9000000001,31,137.52368421052634,19.566842105263177
2018-02,agro_industria_e_comercio,598209.2999999999,20,284.04999999999995,24.850384615384584
2018-02,eletrodomesticos,448938.44999999995,47,115.46770833333332,17.086041666666667
2018-02,livros_tecnicos,114308.00999999994,23,54.27730769230766,13.711538461538463
2018-02,moveis_quarto,72559.79999999996,6,127.9714285714285,36.35000000000003
2018-02,fashion_roupa_masculina,31435.289999999997,3,129.36333333333332,19.58999999999999
2018-02,musica,19842.570000000003,2,122.48500000000001,16.135000000000005
2018-02,pc_gamer,10529.189999999986,1,129.98999999999984,20.039999999999978
2018-02,fashion_roupa_feminina,2429.189999999998,1,29.989999999999974,15.1
2018-02,fashion_bolsas_e_acessorios,792717.0300000005,102,91.463831775701,15.980560747663553
2018-02,esporte_lazer,6038895.1499999985,572,117.01924485524935,18.5338193233345
2018-02,telefonia_fixa,383833.0799999999,9,430.7890909090908,16.329090909090894
2018-02,fashion_calcados,83729.69999999998,10,93.97272727272725,19.801818181818177
2018-02,alimentos,144465.11999999976,30,46.93473684210519,12.789736842105253
2018-02,cool_stuff,2411552.2499999967,176,165.40138888888868,19.636388888888895
2018-02,industria_comercio_e_negocios,383582.79000000015,29,127.98891891891897,21.2408108108108
2018-02,pet_shop,746677.44,86,93.11353535353534,20.692525252525254
2018-02,livros_interesse_geral,152818.65000000002,28,67.38035714285715,19.17499999999999
2018-02,portateis_casa_forno_e_cafe,245016.9,5,604.98,37.74800000000001
2018-02,fraldas_higiene,8100.0,1,25.0,12.690000000000046
2018-02,moveis_colchao_e_estofado,27920.699999999997,5,68.94,50.59800000000002
2018-02,dvds_blu_ray,2016.900000000003,1,24.900000000000038,17.630000000000027
2018-02,automotivo,3323444.3099999963,299,130.30049047282978,19.932081863091028
2018-02,moveis_escritorio,1406077.6500000022,72,161.89725388601062,38.6732227979275
2018-02,informatica_acessorios,8110963.079999997,792,103.11420137299768,17.594627002288334
2018-02,flores,10892.879999999997,4,33.61999999999999,13.305000000000014
2018-02,unknown,1028049.5699999998,107,108.47837606837605,16.968205128205124
2018-02,market_place,155594.5199999999,20,68.60428571428567,15.907857142857164
2018-02,construcao_ferramentas_seguranca,483225.74999999977,7,745.7187499999997,23.320000000000018
2018-02,construcao_ferramentas_ferramentas,106774.2,11,109.85,18.468333333333334
2018-02,eletroportateis,424857.96,30,163.91125,20.861874999999994
2018-02,consoles_games,952870.2299999997,50,230.66333333333327,20.050588235294118
2018-02,eletrodomesticos_2,728905.23,21,428.5157142857143,47.043333333333344
2018-02,cine_foto,18467.189999999988,2,113.99499999999992,22.065000000000037
2018-02,casa_conforto_2,3134.7000000000053,2,12.900000000000022,15.09999999999997
2018-03,unknown,1346642.8199999991,125,125.00165413533827,18.783909774436086
2018-03,papelaria,1052492.9399999997,145,79.71619631901838,17.636196319018406
2018-03,telefonia,2005944.929999997,321,74.12130695044884,15.814366478217481
2018-03,moveis_escritorio,2497508.099999999,150,154.16716666666662,41.52071111111111
2018-03,automotivo,3570638.7599999984,317,131.19630952380948,23.464702380952385
2018-03,ferramentas_jardim,2168953.379999997,200,105.79228270412628,24.87516681299387
2018-03,perfumaria,1626758.1899999985,183,101.37459899046542,16.503875490745937
2018-03,malas_acessorios,473993.37000000034,51,104.49589285714293,26.457857142857137
2018-03,construcao_ferramentas_ferramentas,75435.29999999999,8,103.47777777777776,24.829999999999995
2018-03,moveis_cozinha_area_de_servico_jantar_e_jardim,230255.46,12,236.88833333333332,63.28
2018-03,alimentos_bebidas,190412.37000000005,17,123.7247368421053,14.354210526315788
2018-03,moveis_quarto,86815.79999999997,6,178.63333333333327,32.31499999999999
2018-03,eletrodomesticos_2,457504.20000000007,12,470.6833333333334,36.48250000000002
2018-03,flores,7263.270000000004,3,29.89000000000002,15.580000000000009
2018-03,moveis_colchao_e_estofado,35640.0,4,110.0,36.23249999999998
2018-03,fashion_roupa_infanto_juvenil,6478.379999999987,2,39.989999999999924,8.289999999999994
2018-03,tablets_impressao_imagem,21002.489999999954,2,86.42999999999981,9.333333333333357
2018-03,utilidades_domesticas,2841084.539999997,324,89.88498291571744,22.390156605922584
2018-03,alimentos,126351.9,33,44.568571428571424,14.533999999999995
2018-03,livros_interesse_geral,137047.13999999998,33,44.524736842105256,14.728157894736844
2018-03,eletronicos,1003850.9100000006,237,48.81356236323854,16.924336980306343
2018-03,fashion_bolsas_e_acessorios,817817.3100000003,129,73.69715328467156,17.727591240875913
2018-03,casa_construcao,425291.31,33,122.10488372093023,24.93325581395348
2018-03,fashion_calcados,85301.10000000002,11,95.73636363636366,21.22454545454545
2018-03,artigos_de_natal,69970.04999999996,13,71.32522935779812,28.39165137614681
2018-03,climatizacao,203122.07999999996,23,104.48666666666665,21.472083333333323
2018-03,market_place,125447.93999999997,16,91.10235294117645,18.0264705882353
2018-03,sinalizacao_e_seguranca,74673.89999999994,7,102.43333333333325,17.517777777777756
2018-03,construcao_ferramentas_jardim,169065.6299999999,19,94.87409090909085,20.394999999999996
2018-03,artes,37381.499999999985,7,65.9285714285714,17.165714285714294
2018-03,bebidas,77978.69999999992,20,45.8428571428571,14.562857142857135
2018-03,portateis_casa_forno_e_cafe,639162.9,7,1127.2714285714287,47.08285714285715
2018-03,cine_foto,57654.99000000002,6,101.68428571428575,19.249999999999993
2018-03,artigos_de_festas,74025.90000000004,5,152.31666666666675,26.064999999999976
2018-03,dvds_blu_ray,4033.800000000006,2,24.900000000000038,19.954999999999966
2018-03,casa_conforto_2,2834.1899999999955,1,34.989999999999945,9.340000000000002
2018-03,musica,26241.570000000003,2,161.985,19.19500000000002
2018-03,fraldas_higiene,10125.0,1,25.0,13.710000000000031
2018-03,cama_mesa_banho,5490576.539999999,653,87.26420540695177,18.607415248176217
2018-03,esporte_lazer,6614080.56,646,111.55097753491195,19.587668488160297
2018-03,moveis_decoracao,4156017.6599999946,430,88.02511246664113,22.808829584445313
2018-03,cool_stuff,3061090.439999997,239,149.37249011857693,21.633992094861657
2018-03,relogios_presentes,7751669.580000008,408,227.31502243335999,20.503299023489042
2018-03,pet_shop,1086908.7599999993,109,109.88866242038209,21.849363057324844
2018-03,industria_comercio_e_negocios,236718.45,26,100.77413793103449,23.633793103448284
2018-03,consoles_games,957923.8199999994,53,207.477543859649,20.78754385964913
2018-03,casa_conforto,204312.77999999982,21,120.11333333333323,25.630476190476184
2018-03,construcao_ferramentas_iluminacao,205472.69999999998,12,195.1307692307692,46.26538461538461
2018-03,telefonia_fixa,156377.78999999998,12,137.8992857142857,19.303571428571427
2018-03,construcao_ferramentas_seguranca,435364.47000000003,13,244.31227272727276,18.85954545454551
2018-03,la_cuisine,31509.0,1,389.0,37.69999999999997
2018-03,eletrodomesticos,800003.7899999999,70,141.09414285714286,21.052428571428585
2018-03,beleza_saude,6843316.950000003,605,128.8105285448078,19.12804675588684
2018-03,eletroportateis,1130126.58,34,398.6337142857143,21.169428571428575
2018-03,bebes,3305734.649999997,208,189.919260599793,23.316670113753887
2018-03,informatica_acessorios,6861107.7,630,112.95677878204178,19.64906060157061
2018-03,construcao_ferramentas_construcao,765172.9799999997,48,143.12999999999997,23.84545454545457
2018-03,brinquedos,1847960.5499999989,215,101.44710968379441,18.503848814229254
2018-03,instrumentos_musicais,723443.3999999999,49,168.51698113207544,23.09849056603772
2018-03,moveis_sala,285271.4700000001,19,185.36157894736849,39.89105263157895
2018-03,livros_tecnicos,73991.07000000005,17,53.73352941176474,18.764705882352935
2018-03,audio,859141.8900000005,33,311.96147058823544,19.343529411764713
2018-03,agro_industria_e_comercio,418041.0,24,198.5,18.403461538461535
2018-03,livros_importados,20979.0,2,86.33333333333333,8.563333333333318
2018-03,fashion_underwear_e_moda_praia,23441.400000000012,5,57.88000000000003,15.802000000000001
2018-03,fashion_esporte,7281.89999999999,1,89.89999999999988,7.490000000000006
2018-03,fashion_roupa_feminina,9716.759999999946,1,29.98999999999983,8.639999999999999
2018-04,telefonia,1320845.7599999984,245,58.47037450199196,14.70723505976096
2018-04,fashion_bolsas_e_acessorios,665726.8500000003,92,80.57696078431377,16.79254901960785
2018-04,agro_industria_e_comercio,364556.7000000001,12,375.05833333333345,23.58
2018-04,esporte_lazer,5328330.1199999945,520,112.2770111890763,18.88551678361464
2018-04,unknown,647019.9000000001,72,107.94459459459462,18.069324324324334
2018-04,eletroportateis,977812.5599999998,60,182.90545454545452,18.281666666666666
2018-04,alimentos_bebidas,49010.670000000006,16,33.615,15.553333333333336
2018-04,livros_interesse_geral,508235.31000000035,42,128.051224489796,18.273673469387752
2018-04,market_place,50805.62999999999,15,41.81533333333333,14.506666666666666
2018-04,fashion_underwear_e_moda_praia,29111.4,6,59.900000000000006,13.463333333333336
2018-04,flores,12830.399999999998,3,52.79999999999999,12.030000000000001
2018-04,cds_dvds_musicais,5265.0,1,65.0,52.57999999999995
2018-04,artigos_de_festas,3547.8000000000097,1,21.90000000000006,18.230000000000015
2018-04,fraldas_higiene,12069.0,4,37.25,12.892499999999998
2018-04,la_cuisine,22680.0,1,140.0,27.059999999999985
2018-04,brinquedos,1874373.209999999,193,114.5564851485148,20.644405940594073
2018-04,automotivo,3888402.119999996,329,137.90127034790922,20.769795722949244
2018-04,pet_shop,1479428.8199999987,150,110.10112525117204,21.050716677829875
2018-04,cama_mesa_banho,5780399.309999997,600,96.9751759021591,19.274984146157333
2018-04,eletronicos,878058.6300000004,201,51.133160377358514,17.298726415094343
2018-04,casa_construcao,745576.65,58,122.72866666666667,19.262800000000013
2018-04,casa_conforto_2,1044.899999999999,1,12.899999999999988,5.86000000000001
2018-04,dvds_blu_ray,7492.500000000011,4,18.50000000000003,35.03400000000001
2018-04,perfumaria,1412235.269999999,161,100.07336096938769,15.296332908163265
2018-04,eletrodomesticos,1216590.0300000003,104,144.41951923076925,21.18817307692309
2018-04,construcao_ferramentas_jardim,107469.98999999992,12,73.7105555555555,25.0266666666667
2018-04,industria_comercio_e_negocios,460939.41000000003,48,107.37,22.48320754716982
2018-04,construcao_ferramentas_iluminacao,401976.26999999996,37,105.5887234042553,18.40063829787234
2018-04,portateis_casa_forno_e_cafe,1070171.19,13,1016.306923076923,54.58692307692305
2018-04,bebidas,406331.63999999774,29,92.89703703703653,16.62555555555564
2018-04,climatizacao,264204.99,22,141.81695652173912,28.666521739130427
2018-04,fashion_calcados,116534.69999999991,11,130.790909090909,25.388181818181813
2018-04,livros_importados,25757.190000000002,4,79.4975,8.594999999999999
2018-04,fashion_roupa_feminina,14170.949999999926,1,34.98999999999982,8.639999999999974
2018-04,fashion_roupa_masculina,15795.0,1,195.0,39.420000000000044
2018-04,moveis_cozinha_area_de_servico_jantar_e_jardim,251956.17000000016,18,163.7142105263159,58.50368421052626
2018-04,malas_acessorios,703118.8799999998,53,152.2891228070175,27.922631578947374
2018-04,utilidades_domesticas,3591563.6699999967,411,96.02084456207884,21.8420500481232
2018-04,bebes,3823298.8199999947,215,199.16126582278454,28.010632911392392
2018-04,informatica_acessorios,4647042.8999999985,465,109.07015209125471,18.818916349809882
2018-04,livros_tecnicos,94940.10000000002,23,50.9608695652174,17.58086956521739
2018-04,moveis_sala,408388.22999999986,24,152.78272727272721,32.10636363636366
2018-04,moveis_decoracao,4554068.219999998,459,95.92560758293834,19.596005687203792
2018-04,construcao_ferramentas_construcao,1047640.23,76,143.70922222222222,24.291222222222224
2018-04,pcs,1115768.5199999996,13,918.3279999999996,53.11266666666672
2018-04,casa_conforto,157091.39999999997,15,107.74444444444443,18.603333333333325
2018-04,artes,173362.67999999982,26,82.31846153846145,18.567692307692308
2018-04,artigos_de_natal,21568.049999999977,9,22.39672897196259,20.095700934579465
2018-04,audio,570650.6700000003,30,227.26032258064527,16.98032258064518
2018-04,eletrodomesticos_2,1680076.89,23,901.8126086956521,52.92826086956523
2018-04,construcao_ferramentas_seguranca,233868.0599999999,23,120.30249999999995,22.529583333333328
2018-04,cine_foto,42260.93999999999,5,104.34799999999997,19.878000000000018
2018-04,tablets_impressao_imagem,4212.0,1,52.0,18.240000000000006
2018-04,fashion_esporte,7281.89999999999,1,89.89999999999988,15.509999999999994
2018-04,relogios_presentes,7174417.770000005,463,179.29769005847967,15.10861448493028
2018-04,ferramentas_jardim,2796340.139999997,232,122.46923925896715,19.291001182499006
2018-04,construcao_ferramentas_ferramentas,107972.18999999999,16,78.41117647058823,18.76058823529411
2018-04,beleza_saude,7377801.660000001,620,132.94773597145638,19.379539409665913
2018-04,instrumentos_musicais,1569400.11,57,322.9218333333334,30.017666666666674
2018-04,cool_stuff,2838462.2099999967,195,170.01870080862514,24.17723989218328
2018-04,moveis_escritorio,1616347.9799999986,86,152.58642310960056,47.59745114698384
2018-04,papelaria,912339.4499999998,128,74.10164473684209,16.81967105263158
2018-04,sinalizacao_e_seguranca,180006.29999999993,22,61.73055555555553,20.249444444444457
2018-04,telefonia_fixa,155677.14,10,174.7218181818182,18.703636363636363
2018-04,consoles_games,446395.05,37,137.77625,18.610999999999986
2018-04,alimentos,134899.83000000002,36,41.63575,13.863999999999992
2018-04,musica,137445.66000000003,5,339.37200000000007,29.039999999999996
2018-04,moveis_quarto,105453.9,6,185.98571428571427,44.395714285714305
2018-04,artes_e_artesanato,1295.1900000000005,1,15.990000000000006,18.23000000000001
2018-05,beleza_saude,7658187.570000002,670,125.89284361591955,18.280460127237752
2018-05,automotivo,3308065.829999993,296,132.59843795093767,23.46711038961039
2018-05,cama_mesa_banho,5772470.669999999,600,96.30414864864863,18.077932432432437
2018-05,ferramentas_jardim,3053763.9899999965,227,130.90552083333318,18.06489583333333
2018-05,musica,59049.0,5,145.8,19.67999999999998
2018-05,construcao_ferramentas_construcao,1680636.5999999999,89,165.9888,22.653919999999975
2018-05,telefonia_fixa,149542.19999999998,11,115.38749999999999,16.73062499999997
2018-05,unknown,250860.23999999993,37,73.7390476190476,21.07214285714286
2018-05,construcao_ferramentas_jardim,86935.67999999989,13,67.07999999999991,20.66062500000001
2018-05,climatizacao,149955.3,13,132.23571428571427,27.14642857142855
2018-05,alimentos_bebidas,100394.6399999999,15,49.57759999999995,17.41199999999999
2018-05,dvds_blu_ray,35635.13999999993,6,62.8485714285713,17.17428571428572
2018-05,informatica_acessorios,4101178.2299999944,399,111.77004415011022,18.58026490066225
2018-05,relogios_presentes,9668366.28000001,586,190.98007466666687,13.783148444444434
2018-05,instrumentos_musicais,1523372.67,60,307.75205454545454,29.168963636363628
2018-05,perfumaria,1982600.7299999986,179,124.45704519774003,15.911022598870058
2018-05,utilidades_domesticas,5088790.169999999,492,101.65788025889965,21.70237864077669
2018-05,livros_interesse_geral,479935.53000000055,48,118.50260000000014,17.3746
2018-05,cool_stuff,2424474.719999997,168,171.14744599745848,22.171518424396442
2018-05,moveis_escritorio,1687705.4699999995,82,200.34490384615378,41.29269230769229
2018-05,fashion_calcados,128198.69999999998,10,158.26999999999998,20.587000000000014
2018-05,moveis_sala,220407.48000000004,13,170.06750000000002,41.81375000000003
2018-05,livros_importados,33284.520000000004,9,41.092000000000006,11.478999999999983
2018-05,moveis_cozinha_area_de_servico_jantar_e_jardim,187117.29000000004,10,177.6992307692308,42.39923076923075
2018-05,pcs,704693.5200000006,6,669.224615384616,35.494615384615486
2018-05,bebidas,202985.18999999992,33,53.318936170212744,16.145744680851056
2018-05,alimentos,124977.33000000007,36,35.06659090909093,12.19431818181818
2018-05,portateis_casa_forno_e_cafe,823089.6000000002,9,1129.066666666667,34.771111111111104
2018-05,agro_industria_e_comercio,265659.75,8,409.96875,19.183750000000003
2018-05,sinalizacao_e_seguranca,55363.50000000004,6,97.64285714285721,25.64142857142858
2018-05,papelaria,1046794.5900000001,124,99.41069230769232,18.837846153846154
2018-05,eletronicos,1310319.9900000002,219,70.02939393939396,17.02926406926408
2018-05,eletrodomesticos,498123.2700000001,63,96.08859375000002,19.230312500000007
2018-05,moveis_decoracao,4349781.449999996,456,89.96817758749062,18.986520848845867
2018-05,pet_shop,956476.2599999997,128,86.75521632653059,17.47009795918367
2018-05,bebes,2693545.649999995,218,139.13661087866083,22.17075313807532
2018-05,livros_tecnicos,246282.92999999993,54,55.28236363636362,15.437454545454539
2018-05,artes,201849.5699999997,33,73.29323529411754,15.585588235294107
2018-05,cine_foto,170771.49000000002,16,124.01705882352942,16.058235294117633
2018-05,casa_conforto,219404.69999999992,18,128.98571428571424,18.88666666666665
2018-05,tablets_impressao_imagem,4041.900000000005,1,49.90000000000006,8.289999999999997
2018-05,artes_e_artesanato,7273.800000000009,1,89.80000000000011,11.25
2018-05,fashion_underwear_e_moda_praia,17248.50000000002,6,34.84545454545458,15.460545454545453
2018-05,portateis_cozinha_e_preparadores_de_alimentos,158598.0,2,979.0,44.20500000000005
2018-05,fashion_roupa_masculina,10529.189999999986,1,129.98999999999984,19.880000000000038
2018-05,flores,1328.4000000000008,1,16.40000000000001,19.319999999999993
2018-05,consoles_games,427620.87,38,101.52442307692307,19.04615384615383
2018-05,malas_acessorios,536095.2599999999,44,135.07061224489794,33.20469387755103
2018-05,esporte_lazer,4796003.519999999,449,121.08368098159505,18.653251533742328
2018-05,fashion_bolsas_e_acessorios,930703.77,104,104.45609090909092,15.161272727272731
2018-05,casa_construcao,822577.68,63,128.54784810126583,16.465189873417728
2018-05,brinquedos,2554611.209999997,211,144.671605504587,21.177155963302756
2018-05,telefonia,1534486.6799999976,237,75.77711999999988,16.62671999999999
2018-05,market_place,77553.44999999995,13,68.38928571428568,16.38142857142857
2018-05,eletrodomesticos_2,1169740.44,23,627.88,50.28652173913042
2018-05,industria_comercio_e_negocios,306260.19,34,94.52475,26.873750000000026
2018-05,construcao_ferramentas_seguranca,489645.80999999994,21,274.7731818181818,22.098636363636366
2018-05,eletroportateis,860300.19,39,221.270625,18.465416666666663
2018-05,artigos_de_natal,42486.92999999995,6,87.42166666666657,24.70166666666668
2018-05,construcao_ferramentas_iluminacao,352739.6100000001,30,114.60026315789477,19.734210526315767
2018-05,audio,218512.08000000002,20,128.4609523809524,16.517142857142858
2018-05,construcao_ferramentas_ferramentas,33849.9,5,83.58,17.672
2018-05,moveis_quarto,120283.37999999998,5,247.4966666666666,55.32166666666663
2018-05,artigos_de_festas,8156.700000000011,3,25.175000000000033,17.434999999999977
2018-05,fraldas_higiene,9477.0,3,39.0,14.216666666666683
2018-06,moveis_escritorio,982171.9800000003,59,159.54710526315796,49.820263157894715
2018-06,cama_mesa_banho,5739423.479999999,649,92.74486910994762,21.227054973821975
2018-06,ferramentas_jardim,1454744.519999999,149,97.4899155609167,27.638709288299143
2018-06,utilidades_domesticas,4528921.4099999955,464,96.90227036395137,23.1387521663778
2018-06,eletronicos,782920.0800000003,175,50.57623255813955,17.17585465116279
2018-06,informatica_acessorios,3386656.9799999953,354,104.20803655497078,21.75720576017725
2018-06,pet_shop,1570743.1799999995,151,109.01125546533413,22.077407870081206
2018-06,brinquedos,1708690.949999998,176,111.02605263157882,21.381894736842106
2018-06,consoles_games,559143.8099999999,41,160.53511627906974,17.18651162790698
2018-06,fashion_bolsas_e_acessorios,637465.95,82,90.45919540229885,17.45298850574713
2018-06,livros_tecnicos,141541.83000000002,26,67.20884615384617,16.813846153846153
2018-06,unknown,193357.53000000014,22,103.78826086956529,18.198695652173893
2018-06,telefonia_fixa,168505.92000000004,15,122.37176470588238,20.129411764705893
2018-06,agro_industria_e_comercio,284779.79999999993,10,351.5799999999999,32.72500000000001
2018-06,portateis_casa_forno_e_cafe,283419.0,3,1166.3333333333333,57.709999999999944
2018-06,musica,8835.480000000001,3,36.36000000000001,20.159999999999997
2018-06,moveis_quarto,126359.18999999999,8,173.3322222222222,42.42555555555557
2018-06,moveis_decoracao,3405419.819999996,316,104.58263681592028,25.55634328358209
2018-06,industria_comercio_e_negocios,211401.89999999997,21,100.38076923076922,35.53923076923076
2018-06,beleza_saude,8643433.319999995,790,121.96869189738372,19.554387858775726
2018-06,moveis_sala,287762.22,28,122.03656488549618,34.06656488549617
2018-06,instrumentos_musicais,1306361.5199999996,46,343.9603791469193,38.18094786729859
2018-06,malas_acessorios,410741.27999999997,36,140.85777777777776,29.66222222222221
2018-06,relogios_presentes,6886531.170000006,444,178.2782222739983,18.560869058713884
2018-06,papelaria,1041585.4799999994,145,77.00047904191612,18.96389221556886
2018-06,sinalizacao_e_seguranca,474917.579999998,18,217.1548148148139,39.91037037037034
2018-06,livros_interesse_geral,265314.6900000003,32,86.197105263158,15.884473684210532
2018-06,audio,148285.88999999998,19,91.5345,19.885000000000005
2018-06,alimentos,111065.58000000006,24,57.13250000000003,13.433749999999998
2018-06,construcao_ferramentas_seguranca,207794.96999999997,16,160.33562499999996,25.469375000000003
2018-06,fraldas_higiene,26001.0,7,45.857142857142854,15.242857142857135
2018-06,fashion_calcados,99676.98000000001,10,123.058,21.959999999999997
2018-06,artigos_de_natal,24801.39,6,43.74142857142857,24.359999999999996
2018-06,construcao_ferramentas_ferramentas,42687.0,4,131.75,24.202499999999972
2018-06,casa_construcao,736661.79,60,128.09281690140847,25.945633802816907
2018-06,bebes,2474575.9199999953,205,136.99695067264548,28.02556053811661
2018-06,telefonia,1836258.6599999978,202,104.95305555555544,17.211944444444445
2018-06,casa_conforto,193305.68999999997,16,149.155625,19.715625
2018-06,automotivo,3641610.689999996,268,152.4579540316502,23.43399020346647
2018-06,construcao_ferramentas_construcao,1858765.3199999998,108,203.0771681415929,21.457787610619466
2018-06,esporte_lazer,3638196.809999994,371,107.19811455847238,21.127589498806685
2018-06,market_place,45073.26000000001,7,79.49428571428574,17.475714285714286
2018-06,bebidas,126932.67,30,47.486969696969695,14.737272727272734
2018-06,moveis_cozinha_area_de_servico_jantar_e_jardim,286612.83000000025,21,122.014827586207,34.37206896551721
2018-06,construcao_ferramentas_iluminacao,371256.2099999999,35,104.16840909090907,21.708636363636366
2018-06,artigos_de_festas,6868.799999999997,2,42.399999999999984,13.789999999999987
2018-06,eletrodomesticos_2,673330.3200000001,18,437.5115789473685,42.09578947368422
2018-06,construcao_ferramentas_jardim,64754.639999999956,11,72.67636363636359,24.378181818181805
2018-06,alimentos_bebidas,23801.850000000013,9,26.71363636363638,19.905454545454546
2018-06,fashion_underwear_e_moda_praia,10024.200000000013,3,17.964516129032283,15.39274193548377
2018-06,casa_conforto_2,2089.800000000006,1,12.900000000000038,12.789999999999974
2018-06,flores,8748.0,1,54.0,16.34999999999995
2018-06,cool_stuff,1564625.9699999983,100,187.5375728155338,26.30747572815535
2018-06,eletrodomesticos,472260.78000000014,65,89.69815384615387,20.182
2018-06,climatizacao,288999.9,9,237.86,35.002666666666464
2018-06,dvds_blu_ray,31013.279999999973,5,63.813333333333276,20.35833333333332
2018-06,perfumaria,2184078.329999999,166,144.9673655913978,19.520591397849472
2018-06,artes,202511.33999999973,28,89.29071428571417,18.537142857142854
2018-06,eletroportateis,1249962.0299999998,43,314.93122448979585,22.84571428571431
2018-06,livros_importados,37921.77000000001,9,52.0188888888889,15.332222222222214
2018-06,tablets_impressao_imagem,4050.0,1,50.0,22.84999999999997
2018-06,cine_foto,35303.84999999996,9,33.52692307692304,13.34692307692306
2018-06,fashion_roupa_masculina,36271.8,6,63.971428571428575,15.232857142857144
2018-06,pcs,1063287.0,8,1009.7692307692307,56.99000000000006
2018-06,fashion_roupa_infanto_juvenil,7289.189999999988,1,89.98999999999985,7.490000000000006
2018-07,relogios_presentes,7710768.090000004,509,182.63739287998303,18.690023449157966
2018-07,eletrodomesticos,419015.43,78,66.32089743589744,15.796538461538466
2018-07,casa_construcao,542720.25,57,111.67083333333333,24.989333333333324
2018-07,brinquedos,1378781.999999999,148,110.53246753246746,21.680779220779215
2018-07,construcao_ferramentas_iluminacao,587857.4099999996,41,131.6884879032257,25.128145161290302
2018-07,casa_conforto,235424.8799999999,23,126.36869565217386,24.392173913043464
2018-07,construcao_ferramentas_construcao,1234235.0699999998,98,132.49973913043476,20.45634782608697
2018-07,moveis_cozinha_area_de_servico_jantar_e_jardim,302692.95000000007,20,169.86136363636368,35.94227272727274
2018-07,livros_importados,28980.989999999947,5,51.11285714285705,15.178571428571402
2018-07,artigos_de_natal,41274.36,8,63.695,19.012499999999985
2018-07,fashion_underwear_e_moda_praia,8893.800000000005,2,54.90000000000003,15.765000000000018
2018-07,casa_conforto_2,3134.7000000000053,2,12.900000000000022,15.580000000000013
2018-07,cool_stuff,1713312.8099999984,113,183.93052173913026,28.29191304347826
2018-07,cama_mesa_banho,4407299.729999996,512,88.17068239106942,21.79629816348578
2018-07,malas_acessorios,471559.3199999998,53,107.80962962962958,25.395740740740738
2018-07,moveis_decoracao,3676880.789999997,343,104.11373853211,26.603555045871563
2018-07,alimentos,273631.76999999996,59,52.783906249999994,15.98828125
2018-07,agro_industria_e_comercio,540255.4199999999,26,247.03037037037035,31.50037037037037
2018-07,telefonia_fixa,754870.59,8,847.2172727272726,30.79909090909091
2018-07,fashion_roupa_masculina,16904.70000000001,5,41.74000000000003,17.396
2018-07,perfumaria,1674392.6699999985,169,103.81898995535705,15.979799107142854
2018-07,livros_tecnicos,161589.3299999999,26,76.72807692307687,17.933076923076932
2018-07,unknown,373572.0000000001,42,98.12765957446811,22.42085106382979
2018-07,sinalizacao_e_seguranca,306600.3899999999,19,130.52379310344824,81.06896551724192
2018-07,moveis_quarto,112338.90000000002,7,138.69000000000003,45.18699999999996
2018-07,audio,167073.83999999997,21,93.75636363636362,15.743636363636352
2018-07,artes,149299.19999999975,21,87.77142857142843,20.12047619047619
2018-07,eletrodomesticos_2,1020382.9200000004,22,547.7095652173915,51.08043478260868
2018-07,construcao_ferramentas_ferramentas,445597.19999999995,10,458.4333333333333,23.1875
2018-07,flores,3887.1900000000005,2,23.995000000000005,17.685000000000016
2018-07,artigos_de_festas,4657.5,2,28.75,13.430000000000016
2018-07,pc_gamer,35478.0,1,219.0,9.690000000000037
2018-07,dvds_blu_ray,6803.189999999988,1,83.98999999999985,12.88999999999999
2018-07,fashion_bolsas_e_acessorios,492025.7700000001,75,81.96331334332835,16.22199400299851
2018-07,bebes,1770813.7199999986,207,102.10538661131284,23.64070057083548
2018-07,papelaria,1394592.3899999997,168,90.6167894736842,22.28547368421052
2018-07,beleza_saude,8389203.930000005,704,134.33257962242408,21.68544891194696
2018-07,informatica_acessorios,3325787.0999999973,381,98.27976063829779,20.195319148936164
2018-07,eletronicos,752206.14,143,61.499970566593085,16.37988226637233
2018-07,moveis_escritorio,1071247.6799999997,62,165.31599999999995,43.84312500000002
2018-07,pet_shop,1566851.8499999987,138,122.42943037974673,23.139683544303793
2018-07,telefonia,2145907.0799999973,202,119.87638009049759,17.985565610859734
2018-07,instrumentos_musicais,637626.3300000001,32,218.66472222222225,39.93166666666664
2018-07,alimentos_bebidas,63077.12999999996,14,45.8076470588235,20.166470588235285
2018-07,consoles_games,690047.9100000001,49,173.8593877551021,20.81693877551021
2018-07,artes_e_artesanato,53020.16999999996,10,59.506363636363595,13.639090909090903
2018-07,portateis_casa_forno_e_cafe,380673.27,14,313.3113333333333,31.44599999999998
2018-07,cine_foto,95461.73999999993,7,168.36285714285702,16.152857142857158
2018-07,portateis_cozinha_e_preparadores_de_alimentos,13934.430000000008,7,21.50375000000001,13.006249999999996
2018-07,pcs,910359.0,8,1404.875,88.55999999999992
2018-07,fashion_calcados,66435.39000000004,5,164.0380000000001,33.05000000000001
2018-07,moveis_colchao_e_estofado,10521.899999999985,1,129.8999999999998,11.92999999999998
2018-07,utilidades_domesticas,5070207.330000002,464,110.9406006301694,25.45837337534462
2018-07,climatizacao,215286.65999999997,15,156.3447058823529,28.211176470588242
2018-07,automotivo,3520809.989999994,324,127.46859237536636,21.397565982404682
2018-07,esporte_lazer,4375287.089999997,410,117.42584782608688,22.449130434782607
2018-07,ferramentas_jardim,2075932.0799999984,152,144.97744814582012,27.53827781269642
2018-07,construcao_ferramentas_jardim,155735.45999999996,19,87.39363636363635,27.155909090909077
2018-07,moveis_sala,542346.8399999997,49,124.24898969072159,37.85296907216495
2018-07,industria_comercio_e_negocios,380474.01,13,335.515,64.04928571428572
2018-07,construcao_ferramentas_seguranca,153004.95,15,125.93,16.929999999999993
2018-07,eletroportateis,661069.3499999996,35,194.31785714285704,24.29190476190478
2018-07,livros_interesse_geral,330677.5500000004,26,162.5750000000002,16.735752212389382
2018-07,bebidas,102159.17999999996,17,78.28289655172411,17.287310344827592
2018-07,musica,68793.29999999999,3,283.09999999999997,14.65999999999999
2018-07,fraldas_higiene,9801.0,3,40.333333333333336,25.630000000000013
2018-07,market_place,15129.179999999997,4,46.69499999999999,22.639999999999983
2018-08,construcao_ferramentas_construcao,1856289.9600000007,124,141.463950617284,18.567222222222224
2018-08,moveis_decoracao,3334652.5499999956,341,95.74081395348824,24.5453488372093
2018-08,fashion_bolsas_e_acessorios,658060.8300000002,121,64.53474845542809,14.627502206531343
2018-08,eletrodomesticos,521951.8500000001,62,102.28333333333335,20.667936507936506
2018-08,dvds_blu_ray,720.899999999999,1,8.899999999999988,7.389999999999989
2018-08,audio,167621.39999999997,24,79.59230769230767,15.373076923076919
2018-08,construcao_ferramentas_seguranca,321587.81999999995,21,158.80879999999996,20.65839999999999
2018-08,livros_interesse_geral,126343.08000000002,34,43.46167182662539,14.229102167182646
2018-08,agro_industria_e_comercio,406708.29000000015,14,278.94944444444457,29.036111111111097
2018-08,construcao_ferramentas_jardim,298789.5599999997,19,160.38086956521724,26.33608695652173
2018-08,eletrodomesticos_2,610153.5600000002,14,538.0542857142858,51.12571428571428
2018-08,instrumentos_musicais,852066.5399999999,39,256.5692682926829,28.92951219512195
2018-08,sinalizacao_e_seguranca,147872.78999999995,16,82.98136363636361,15.139999999999995
2018-08,fashion_roupa_masculina,30916.889999999963,3,127.22999999999985,28.43
2018-08,fashion_esporte,5661.899999999995,1,69.89999999999993,13.14999999999999
2018-08,fashion_roupa_feminina,10527.569999999969,2,43.3233333333332,13.053333333333343
2018-08,portateis_cozinha_e_preparadores_de_alimentos,146091.6,4,450.90000000000003,25.490000000000006
2018-08,esporte_lazer,4119674.5799999954,432,107.98339702760073,18.705456475583865
2018-08,automotivo,3647638.979999996,345,121.70967567567554,20.572351351351347
2018-08,informatica_acessorios,3244263.8399999975,380,96.5123855421686,18.877638554216873
2018-08,alimentos,662108.5799999995,102,71.07982608695647,12.147391304347838
2018-08,relogios_presentes,5648711.76,387,169.76863402758994,17.137817149039762
2018-08,ferramentas_jardim,1321490.6999999993,120,119.96102941176464,28.848455882352937
2018-08,utilidades_domesticas,4758872.129999998,549,95.41024359437023,22.40054853843377
2018-08,fraldas_higiene,18783.089999999993,3,77.29666666666664,15.013333333333335
2018-08,casa_conforto,181543.6799999999,15,140.07999999999993,20.66249999999998
2018-08,artigos_de_natal,42878.97,10,52.937000000000005,19.898999999999994
2018-08,construcao_ferramentas_ferramentas,101717.36999999997,14,89.69785714285712,17.233571428571434
2018-08,pc_gamer,17739.0,1,219.0,19.630000000000035
2018-08,cama_mesa_banho,4931702.189999997,555,92.97029351883265,21.547734984730237
2018-08,consoles_games,354886.1099999999,53,74.25949152542371,16.123050847457645
2018-08,brinquedos,1370823.75,151,102.56818181818181,19.804848484848485
2018-08,telefonia,2962405.709999997,240,134.9553874538744,17.91361623616237
2018-08,beleza_saude,9666929.700000003,765,143.0992938982148,19.466233679722883
2018-08,perfumaria,2009949.8399999994,203,113.88463029066799,16.34835288118307
2018-08,market_place,76890.86999999994,8,118.6587499999999,19.83749999999999
2018-08,cool_stuff,1279386.0899999992,116,132.7301680672268,22.39235294117648
2018-08,industria_comercio_e_negocios,191539.88999999996,9,236.46899999999994,37.93599999999999
2018-08,moveis_escritorio,547468.4700000003,24,225.2956666666668,54.26000000000002
2018-08,moveis_cozinha_area_de_servico_jantar_e_jardim,162929.07,19,100.57350000000001,28.90449999999999
2018-08,malas_acessorios,534579.7499999995,62,103.12109374999991,21.626718749999995
2018-08,musica,40322.609999999986,6,82.9683333333333,14.13333333333332
2018-08,artigos_de_festas,104108.48999999999,14,91.80642857142857,21.795000000000012
2018-08,moveis_quarto,177957.0,10,183.08333333333334,51.90666666666669
2018-08,bebidas,115198.65,24,52.89194214876033,14.958305785123969
2018-08,portateis_casa_forno_e_cafe,242734.32,17,176.27764705882353,23.200588235294113
2018-08,fashion_underwear_e_moda_praia,12960.0,1,160.0,13.779999999999982
2018-08,bebes,1720342.1699999983,201,100.23551651809115,22.122223387519668
2018-08,eletronicos,868556.0700000005,114,90.19273831775706,18.368588785046732
2018-08,pet_shop,1993253.669999999,166,124.28318181818176,19.61813131313131
2018-08,eletroportateis,499612.8600000001,23,268.17652173913046,29.262173913043476
2018-08,unknown,178123.04999999996,29,70.93709677419353,15.864193548387096
2018-08,pcs,705631.5,10,725.9583333333334,43.0625
2018-08,papelaria,1251097.649999999,158,91.39437869822478,20.13887573964497
2018-08,construcao_ferramentas_iluminacao,664575.9300000002,56,132.57050269299825,27.0324775583483
2018-08,alimentos_bebidas,83317.40999999996,16,48.981428571428545,14.846666666666684
2018-08,climatizacao,288108.9,17,169.3761904761905,21.47238095238094
2018-08,cine_foto,48218.48999999999,8,66.14333333333332,13.902222222222225
2018-08,moveis_sala,423090.5399999999,38,130.5835,36.67375000000002
2018-08,casa_construcao,509178.96,44,130.96166666666667,26.059375000000014
2018-08,fashion_calcados,38175.30000000006,3,157.10000000000025,35.3033333333333
2018-08,livros_tecnicos,120186.9899999999,28,51.165172413793066,13.0203448275862
2018-08,telefonia_fixa,220657.76999999987,10,272.41699999999986,16.684999999999988
2018-08,artes_e_artesanato,73042.56000000001,9,100.19555555555557,18.58777777777778
2018-08,artes,119992.58999999987,18,82.29944444444435,16.361666666666665
2018-08,livros_importados,60669.0,1,749.0,55.96000000000002
